3325 6509
242 1006 480 1095 sucrificium
500 1003 732 1120 promiscuo
755 1008 914 1120 populo
951 1002 1104 1089 ibidem
1135 1006 1494 1095 communicaturo

238 1130 539 1209 Sacramentum
551 1125 839 1211 distribuebat.
872 1122 937 1206 Ad
954 1119 1098 1205 Rosam
1114 1146 1156 1207 vt
1168 1130 1296 1218 venit,
1316 1132 1440 1237 (que
1455 1150 1497 1211 vt

241 1242 462 1325 blsosliam
475 1239 671 1335 sumeret,
697 1242 773 1323 islo
787 1266 998 1323 momento
1016 1241 1171 1323 vultum
1196 1240 1270 1321 ori
1299 1242 1416 1351 pallii¹
1438 1266 1499 1323 re-

242 1360 361 1443 dueta
373 1356 624 1465 detegebat)
648 1357 752 1441 vidit
775 1354 949 1466 speciem
978 1357 1152 1437 humana
1179 1350 1489 1447 formosiorem,

243 1466 817 1583 clararmniueamsulgentem
830 1524 844 1565 ‚
859 1498 905 1554 rc
919 1470 1059 1555 caelesli
1076 1468 1253 1583 quadam
1266 1472 1502 1581 pulchritu-

242 1588 339 1672 dine
354 1584 629 1675 obradiatamr
647 1586 862 1680 Transruit‚
874 1610 1006 1671 certus
1022 1582 1269 1670 eiuscemodi
1280 1588 1494 1673 coruscum

244 1706 436 1795 decorem
451 1706 474 1787 l
487 1702 744 1785 mortalitatis
758 1705 894 1788 nostrae
909 1702 1077 1811 regione
1092 1727 1174 1785 non
1189 1695 1291 1785 esse.
1306 1710 1411 1791 Mox
1425 1732 1498 1789 eo·

244 1816 494 1931 gitabundus
507 1823 564 1902 ait
577 1820 682 1901 intra
696 1812 734 1899 se
747 1850 758 1901 r
771 1842 1040 1931 quotcumque
1053 1819 1108 1901 est
1122 1818 1206 1901 ltoec
1226 1814 1499 1931 Virgosubli-

243 1938 297 2019 tni
314 1961 333 2015 a
341 1935 425 2045 pud
442 1939 575 2020 Deum
594 1936 722 2045 gratia
736 1937 891 2047 polleat
905 1928 1059 2015 neccsse
1073 1932 1156 2025 esi,
1182 1936 1334 2018 vtinam
1352 1938 1493 2023 anime

243 2042 267 2132 s
261 2078 317 2133 ua
330 2074 410 2131 tam
424 2052 571 2135 lucidae
583 2077 632 2136 ac
646 2055 849 2160 flagrantis
863 2054 1050 2131 intimum
1063 2050 1203 2131 statum
1219 2044 1330 2133 nosse
1343 2050 1493 2135 liceat.

241 2168 380 2249 Faetus
394 2166 449 2249 esl
460 2166 611 2251 deinde
625 2169 709 2250 voti
721 2191 924 2275 compos,
947 2168 1043 2247 dum
1072 2165 1238 2247 minime
1262 2166 1498 2277 cogitabat,

245 2277 786 2391 namsupetnaprouidentia
817 2284 921 2363 ltunc
955 2281 1090 2389 poslca
1120 2276 1230 2365 llosae
1256 2307 1339 2363 uon
1371 2282 1500 2369 modo

245 2386 545 2479 'Consularium
561 2394 677 2479 dedit
690 2391 758 2479 sed
776 2402 815 2481 δι
833 2402 1147 2505 preceptorem,
1171 2398 1238 2478 cui
1255 2399 1387 2505 Virgo
1400 2397 1501 2481 obe·

247 2512 443 2595 dientiam
458 2508 580 2623 usque
597 2512 649 2595 ad
667 2535 847 2596 mortem
863 2515 973 2597 velut
988 2510 1160 2621 regulari
1193 2508 1266 2594 suo
1294 2514 1499 2623 Superiori

245 2626 430 2733 exhibuit
486 2624 1504 2738 P·Fr.BernardusMarqucsdumadhucNouitiur

247 2738 615 2823 sacrificantibusin
629 2743 791 2825 Sacello
809 2741 958 2840 Rosam
977 2739 1147 2823 subinde
1164 2742 1439 2837 ministrabat,
1457 2768 1500 2829 ac

246 2854 299 2963 de
316 2879 431 2938 more
446 2856 533 2965 post
545 2857 808 2941 Sacerdotem
817 2856 1043 2940 ablutionis
1067 2853 1260 2967 scyphum
1273 2884 1412 2943 comm
1420 2868 1502 2945 urti-

251 2969 440 3055 cantibus
455 2965 1117 3083 circurnfer·tbat,quotielcumque
1140 2998 1276 3057 coram
1290 2970 1393 3059 Rosa
1407 3000 1504 3057 cum

248 3082 399 3203 scypho
428 3084 620 3196 substitit,
647 3083 798 3169 sensti
815 3090 980 3195 Virgine
994 3110 1200 3199 tamquam
1216 3084 1506 3173 delibanoaut

244 3204 412 3290 lornace
424 3228 620 3315 vaporare
634 3203 827 3295 ardores,
857 3226 900 3285 vt
922 3204 1126 3287 interdum
1157 3200 1303 3315 putitit
1327 3202 1507 3287 srbima·

243 3348 339 3407 num
353 3320 540 3405 cdmburi
556 3346 637 3433 qua
652 3340 833 3431 pateram
849 3312 912 3403 seu
928 3318 1165 3432 porrigebat
1175 3317 1240 3403 seu
1253 3312 1509 3403 resumebat.

244 3440 397 3549 Yeritm
409 3460 505 3523 tunt
520 3437 694 3548 mysterii
711 3434 769 3518 ob
785 3458 938 3521 aetatem
952 3436 1121 3545 ignarus
1136 3488 1149 3529 ,
1163 3436 1370 3547 tacitique
1383 3440 1506 3519 mira-

243 3554 508 3662 ricontentu‘s
521 3550 773 3660 praeteribat,
798 3548 864 3633 sed
878 3551 965 3663 poll
980 3575 1110 3633 annos
1132 3580 1193 3647 ις.
1207 3551 1260 3634 ab
1277 3552 1397 3637 obitu
1412 3552 1515 3635 Vit·.

243 3672 350 3779 ginis
362 3672 443 3751 iam
460 3665 669 3770 Sacerdos
695 3668 938 3779 iudicioque
968 3668 1160 3751 maturior
1187 3668 1501 3779 prodigiumrti

242 3784 448 3893 acciderat
461 3775 627 3867 subside
648 3784 1102 3881 iuramenticnarrauit,
1129 3780 1325 3883 adiiciens
1348 3808 1402 3867 ert
1419 3788 1517 3867 eiu·¹

238 3894 864 3991 scemodisrcrisa'rdoribusfibi
889 3900 1232 3985 iuuenculorude
1266 3896 1516 3990 cornilrilo·;

240 4014 380 4123 miplts
401 4015 645 4106 concaluisse
678 4042 823 4113 arcana
838 4020 1096 4117 veneratione
1124 4011 1340 4128 presentis.
1357 4022 1515 4129 Sacra-7

241 4130 387 4225 menti,
398 4130 515 4243 quod
529 4130 671 4243 suscipi
684 4154 794 4221 tanta
810 4134 1012 4243 religione
1028 4140 1068 4217 δι
1080 4130 1169 4219 aeslu
1187 4132 1357 4220 viderat.

278 4245 443 4351 ¹..Voluit
459 4248 575 4329 Deus
589 4272 659 4357 per
673 4256 820 4333 extima
835 4250 919 4345 hac
935 4259 972 4333 δι
1002 4242 1200 4338 senfibilia
1220 4272 1401 4361 vtcumq;
1421 4271 1507 4335 me·

238 4354 414 4443 nifestari
430 4354 718 4471 foris‚quanta
735 4365 970 4447 deuotionis
984 4388 1081 4473 pyra
1099 4366 1295 4479 flagrabat,
1308 4368 1434 4455 intus.-
1448 4366 1528 4455 At..

238 4474 446 4589 bttiqctrm
462 4476 687 4581 accedebat
700 4480 968 4590 corporaliter
984 4481 1111 4593 isqui¹
1133 4490 1395 4593 rgumvrnit
1411 4486 1527 4562 nir-.-

238 4598 374 4687 mesn
389 4624 558 4729 terranf
575 4620 658 4678 non
672 4594 787 4677 aliter
799 4618 924 4707 atque
938 4598 1043 4677 inter
1060 4594 1510 4709 Serapliimvidebatur

239 4712 312 4799 fibi
324 4710 429 4795 Rosa
442 4732 619 4795 ceutota
631 4734 824 4821 empyrea
836 4710 1045 4795 ambulare
1071 4714 1113 4795 in
1150 4712 1293 4797 medio
1323 4710 1509 4823 lapidum

243 4830 487 4939 ignitorum.
516 4830 625 4911 Hinc
650 4828 695 4911 in
724 4828 848 4943 ipsius
879 4830 1014 4914 anima
1045 4828 1250 4922 mirabiles
1264 4828 1327 4919 illi
1344 4822 1512 4915 effeetus

1349 4970 1452 5031 tam·
