3325 6509
1269 892 1379 1037 289

202 1030 431 1154 tranquilla
446 1022 623 1117 notitia·
646 1024 768 1117 Hunc
783 1025 1051 1128 reuelationit
1066 1032 1307 1137 modumpt
1329 1045 1453 1158 plane

200 1152 442 1243 defaecatum
457 1139 651 1258 sensuque
661 1140 1013 1271 superintensio
1024 1143 1272 1249 ineffabilem
1284 1153 1425 1252 furno
1438 1155 1459 1256 r

208 1274 325 1383 raliq;
339 1268 502 1350 obitsio
516 1258 700 1372 apprime
714 1261 885 1373 dignum
901 1263 1159 1363 existimauit,
1173 1278 1352 1387 &appar
1366 1298 1455 1361 ema

209 1384 424 1474 aestimauit.
672 1394 676 1403 '
889 1402 893 1465 ·.
918 1428 920 1435 ,
1302 1430 1307 1439 ·
1449 1434 1455 1465 ι

297 1503 456 1584 1)οᾶοτ
468 1494 638 1579 loaanes
652 1492 721 1579 del
738 1490 907 1579 Callillo
923 1491 1135 1588 Medicus,
1151 1522 1260 1582 anno
1286 1503 1372 1613 posi
1386 1499 1456 1591 sc..

211 1616 331 1698 licem
350 1613 531 1720 Virginis
548 1610 751 1694 transtrum
768 1606 1081 1719 quintodecimo
1110 1613 1258 1699 iurauit
1280 1645 1456 1703 corant,

208 1729 445 1841 Apostolico
461 1724 626 1808 secundi
640 1724 837 1809 examinis
850 1724 1240 1838 Tribunalistbipcr
1254 1731 1453 1827 visionem

204 1843 485 1955 imaginariam
501 1836 725 1951 apparuisse
739 1831 886 1931 Rosam
897 1839 939 1920 in
954 1840 1312 1937 mediocuinsdam
1325 1836 1452 1959 salgi-J

210 1959 350 2043 dillrmi
372 1955 540 2039 luminis
555 1953 670 2067 quod
683 1950 895 2066 ipsammet
909 1955 1068 2041 Diuinae
1094 1958 1454 2054 lviaiesiatisclariq

212 2076 399 2158 tudinem
412 2097 458 2155 ac
475 2066 647 2181 speciem
672 2063 954 2155 referebam-In
974 2073 1091 2153 buius
1104 2071 1366 2165 amoeuiffimo
1382 2081 1454 2165 esa

211 2211 276 2272 tro
288 2185 554 2296 comparebat
565 2179 667 2270 Rosa
677 2185 819 2271 amida
830 2181 969 2267 habitil
982 2185 1127 2268 S.P.lui
1144 2190 1354 2274 Dominici
1372 2194 1450 2275 mi·

207 2304 386 2389 rabiliter
398 2299 599 2386 candente
617 2327 665 2384 ac
681 2294 851 2388 radiosa,
869 2304 987 2381 cuius
998 2299 1366 2414 incomparabilem
1383 2307 1454 2388 de.

209 2445 345 2504 cotem
362 2406 1117 2528 protestabaturleverbisassequinon
1150 2415 1283 2527 posse.
1311 2423 1449 2506 Facies

210 2535 387 2646 Virginis
401 2534 531 2644 gratia
566 2558 614 2618 ac
640 2527 857 2640 splendore
882 2528 1059 2615 micabat
1079 2527 1452 2647 infinito‚.corpua

206 2648 384 2734 eiusdem
398 2647 583 2761 undiquc
598 2643 957 2731 circumdederant
983 2639 1075 2735 tola
1101 2648 1284 2733 candidat
1300 2675 1455 2763 atquea

212 2786 421 2876 purpurea
435 2762 517 2845 stne
531 2788 703 2849 numero
717 2786 906 2850 amanum
919 2759 1126 2845 dexteram
1142 2767 1371 2872 occupabat
1385 2782 1454 2857 rai

213 2903 306 2961 mos
321 2875 442 2958 index
455 2877 688 2961 nitidissima
710 2876 975 2983 virginitatis,
1006 2899 1081 2958 nec
1121 2881 1300 2967 minirse
1333 2906 1456 2969 ramo

209 2991 337 3105 quim
351 2989 404 3073 de
418 2988 516 3075 rofis
531 2989 730 3073 continuo
744 2985 1013 3071 scintillabant
1027 2986 1149 3083 densa
1160 2993 1298 3101 gloria
1313 2989 1454 3107 fulge-1

207 3133 293 3192 tta·
325 3109 433 3213 Quin
450 3111 489 3189 δι
505 3105 658 3215 pluries
673 3102 744 3187 sub
760 3097 1006 3195 eiuscemodi
1022 3101 1171 3188 visione
1187 3103 1290 3192 Rosa
1312 3105 1454 3196 suani..

209 3217 462 3305 tctaffatatst
482 3212 1002 3330 spectatoremsuummulta
1014 3243 1060 3302 ac
1075 3215 1256 3304 sublimia
1268 3221 1332 3309 illi
1346 3224 1455 3311 edis*

206 3330 340 3420 serena
370 3333 422 3415 de
447 3328 651 3416 felicitatis
667 3327 912 3416 luaeexcelso
928 3327 1113 3441 fastigio,
1143 3360 1229 3447 qua
1261 3337 1447 3424 humana

211 3453 357 3561 lingua
371 3448 566 3528 idiomate
577 3442 709 3528 cffcrri
722 3471 804 3528 non
821 3441 992 3557 poliunt.
1008 3448 1183 3544 Quidam
1199 3473 1248 3531 ex
1263 3455 1448 3564 Virginis

210 3557 475 3659 Confellarijs
491 3559 543 3645 ab
558 3587 628 3645 ore
643 3556 820 3645 eiusdem
837 3565 1028 3646 Dosioris
1042 3565 1307 3676 accepit‚plus
1323 3566 1450 3678 quaint

210 3671 1452 3904 illliriniss‘lllimltlnlli,llilliilllli?

218 3907 476 4020 depofitione
487 3931 625 3992 coram
637 3902 777 4008 iisdem
790 3906 1001 3992 iudicibus
1017 3904 1214 4018 persansie
1245 3911 1452 4007 asseuerat,

213 4029 374 4134 integro
385 4022 450 4104 lex
463 4020 658 4106 menium
683 4016 811 4132 spatio
827 4021 1002 4104 interdiu
1020 4029 1226 4136 nodoque
1240 4022 1276 4108 st
1292 4027 1443 4111 diuini·

214 4163 282 4223 tus
297 4130 509 4220 admissum
523 4137 574 4221 ad
588 4138 923 4222 tantaebeatitatis
938 4130 1202 4244 spectaculum
1217 4190 1230 4232 ‚
1245 4167 1292 4224 ac
1308 4145 1446 4235 toties,

211 4254 376 4366 quotics
390 4273 568 4334 mentem
584 4250 791 4336 destinatis
808 4250 917 4330 horis
932 4251 1117 4336 estuabat
1138 4253 1179 4338 in
1202 4253 1325 4366 adyta
1341 4283 1444 4341 con·

208 4357 932 4478 templationit‚olicnlamsibifuisse
960 4365 1102 4451 Rosam
1118 4365 1222 4453 inter
1249 4374 1442 4483 agmina,

207 4483 449 4566 beatorum.
480 4483 537 4566 Vt
548 4479 740 4592 patdatim
753 4474 917 4565 cessauit
929 4480 1011 4565 baec
1024 4484 1321 4595 apparitionum
1346 4509 1448 4597 gra·.

210 4570 313 4678 riola
327 4591 576 4710 frequentia,
607 4621 691 4678 non
702 4587 867 4680 cellauit
880 4616 1014 4679 tamen
1030 4622 1081 4680 cx
1094 4595 1441 4727 legeptbmitatis

212 4703 826 4827 Rosaperaliquotcxindedies
850 4709 1184 4822 coelelliephaebo
1214 4709 1303 4800 suat
1330 4716 1445 4800 viter

211 4826 489 4912 committerer
520 4823 711 4939 Angelus
740 4844 827 4913 erat
852 4845 990 4913 tenera
1019 4824 1251 4923 duodennis
1281 4824 1447 5028 pstreruli

985 4942 1069 5026 00
1315 4966 1389 5061 pt·
