3325 6509
159 966 719 1089 hilaritatemrultupauidat
750 965 900 1053 hortari
913 970 1042 1083 coepit
1070 971 1121 1055 ad
1153 969 1416 1059 subeundum

156 1092 290 1181 seeum
306 1094 559 1205 martyrium,
572 1088 830 1177 accaronem
848 1088 949 1169 ltanc
968 1087 1088 1169 nimis
1100 1088 1325 1201 pretiosam
1340 1088 1421 1175 esse

156 1206 796 1305 acfortuaatamtvidelleetnon
819 1198 1219 1319 quomodocumque
1245 1202 1314 1291 sed
1346 1204 1419 1293 snb

150 1320 240 1435 ipso
254 1322 437 1425 &Hostis
453 1316 670 1435 eonspeou
687 1318 856 1401 bolliam
868 1310 1027 1411 carere,
1039 1332 1176 1403 eoram
1193 1326 1233 1407 oe
1249 1346 1326 1433 pro
1340 1322 1419 1407 Di-

155 1438 251 1523 uina
266 1434 339 1523 illa
353 1438 517 1523 uictima
532 1438 730 1522 usqimam
748 1428 861 1521 cardi,
875 1450 950 1541 pro
967 1430 1149 1545 exposto
1162 1434 1308 1521 Christi
1323 1452 1416 1523 eor-

152 1555 689 1683 poreaaimamexponere3
721 1548 797 1635 Hit
810 1532 919 1629 facie
934 1546 1122 1634 rutilante
1136 1542 1307 1661 prolatis
1319 1574 1415 1635 erre-

149 1660 1410 1893 lisiniilllllssr’llllllllinclllllnllilllis

151 1894 357 2005 replicatis
370 1896 488 2011 quod
504 1894 707 2009 reliquum
724 1908 810 1976 erat
822 1892 967 1976 tunica·
984 1896 1088 1976 intra
1099 1890 1308 2005 cingulum
1324 1894 1404 2007 vsqt

152 2008 207 2093 ad
221 2012 326 2095 talos
338 2010 737 2107 aaranncorhumos
751 2002 892 2092 subere
907 2000 1140 2092 subleuatos
1156 2010 1406 2093 exuitlntet-

153 2148 296 2235 rogata
311 2125 413 2241 quid
429 2148 581 2241 ageret,
595 2120 698 2239 quid
713 2116 785 2215 stbi
803 2120 927 2207 vellet
940 2116 1016 2206 hac
1027 2124 1225 2213 nouitate,
1236 2122 1287 2206 ad
1300 2148 1402 2233 ago-

150 2258 245 2323 nem
263 2244 458 2355 (inquit)
474 2267 541 2327 me
558 2238 752 2351 succingo
765 2294 776 2327 ,
789 2235 889 2321 nolo
903 2232 1003 2351 mihi
1019 2228 1314 2349 impedimento
1328 2238 1403 2323 sint

148 2357 274 2463 pauni
287 2352 491 2443 ranarum
503 2378 551 2443 ac
565 2358 767 2441 moriture
784 2376 858 2465 pro
883 2352 1172 2443 Sacramenta:
1210 2354 1254 2437 in
1282 2348 1399 2437 breui

149 2468 226 2551 hae
239 2471 586 2583 vcnrerpedirior
598 2464 837 2557 comendam
853 2464 1199 2580 supermanant
1212 2468 1395 2579 trepidi-

147 2580 364 2674 nemrillic
380 2608 457 2707 pro
471 2580 616 2675 Christi
631 2606 802 2694 corpore
818 2600 969 2693 corpus
994 2600 1130 2669 meum
1154 2582 1393 2669 vulneribus

146 2692 364 2795 obiciam,
380 2720 456 2786 nee
468 2698 613 2785 cedam
624 2696 758 2783 donec
775 2696 996 2815 impiorum
1021 2688 1269 2811 bipennibus
1279 2696 1403 2781 vndi-

146 2828 230 2921 que
245 2802 418 2921 perfossa
428 2814 583 2905 cadamr
601 2808 787 2927 quinimo
800 2806 999 2924 precabor
1011 2806 1142 2897 nones
1156 2836 1206 2895 ne
1221 2834 1303 2897 uno
1318 2815 1399 2899 iesu

148 2944 318 3033 repente
333 2920 658 3019 meconidem,
680 2926 871 3009 sedlenta
886 2926 1126 3013 crudelitate
1157 2924 1399 3013 articulatim

145 3037 920 3149 corpusculumltoetotumrleartuertt,
957 3040 1082 3155 inque
1107 3038 1403 3127 modicirnma,

143 3146 309 3239 frustula
321 3174 456 3267 portet
470 3150 644 3271 lingulas
658 3156 967 3251 comminuant,
995 3177 1039 3243 vt
1066 3154 1164 3240 dum
1188 3158 1308 3239 inme
1327 3182 1398 3240 exa
1540 3178 1544 3191 ·

143 3260 415 3361 carnificanda
428 3264 947 3381 occupabuntundilferant
961 3266 1089 3355 saltim
1107 3270 1273 3355 iniuriat
1290 3292 1396 3383 quat

143 3378 251 3461 eheu
267 3384 278 3467 l
292 3384 430 3494 postea
444 3382 683 3497 irrogabunt
695 3380 875 3497 prasenti
888 3384 1045 3495 sponso
1060 3404 1164 3467 meo.

200 3488 297 3577 llaec
310 3486 366 3579 ita
380 3496 689 3609 pronuntiabat,
703 3520 804 3581 vteu
817 3498 1029 3583 oculorum
1045 3494 1240 3592 scintillis,
1252 3524 1301 3583 ex
1318 3498 1394 3581 im·

142 3606 427 3715 pauidivultsls
441 3614 675 3705 conslanrla,
687 3632 737 3695 er
750 3614 882 3698 uiuaci
897 3636 998 3697 tono
1013 3614 1185 3701 lteroiete
1197 3614 1311 3701 vocis
1326 3639 1393 3697 ce*

141 3723 635 3835 tetoquegesluanirnosae
649 3720 857 3839 Viraginis
881 3722 1005 3813 facile
1030 3726 1393 3832 coniicereturRo·

143 3826 222 3917 sam
239 3863 315 3949 pto
331 3838 604 3927 Eucharislieo
622 3840 772 3928 Altaria
786 3844 911 3953 Agno
922 3840 1087 3929 leaenam
1101 3838 1293 3929 induisset
1318 3858 1393 3925 nec

147 3950 447 4039 circumstantes
481 3954 658 4044 foeminae
686 3950 844 4041 suismet
877 3957 1099 4043 credebant
1136 3958 1303 4049 oculis,
1332 3960 1393 4041 vi-

138 4056 287 4151 dentes
305 4070 560 4157 Amazonem
576 4125 588 4165 ‚
604 4094 692 4185 que
705 4072 897 4157 haelenus
913 4072 1068 4157 nonnisr
1090 4078 1181 4159 vitra
1209 4071 1391 4158 mansue-

138 4172 295 4266 tudinis
307 4174 408 4269 idaea
424 4179 561 4270 fuerat.
578 4180 832 4270 Mirabantur
848 4186 1053 4299 Virginem
1070 4184 1389 4273 modesliffimam

138 4288 180 4375 in
191 4288 362 4405 publico
377 4298 569 4387 reuoluto
585 4304 692 4385 circa
710 4302 901 4385 humeros
926 4304 1078 4413 pallio,
1100 4306 1202 4389 vesle
1219 4327 1356 4385 curta,
1374 4346 1388 4391 2·

137 4408 328 4519 proiectis
345 4414 521 4525 crepidis
538 4466 549 4505 2
565 4412 782 4502 liberrimis
795 4410 984 4517 brachiis,
1000 4424 1084 4501 alto
1099 4412 1348 4529 praeciosius
1373 4464 1389 4479 -

135 4520 265 4637 lisque
280 4522 431 4631 Rostris
448 4522 629 4643 globulis
646 4528 837 4645 precatirs
854 4520 1045 4617 ferociter
1059 4524 1306 4617 obarmatam
1323 4531 1388 4642 spe

134 4642 312 4763 martyrii
328 4640 433 4728 vltra
452 4642 649 4729 lacessere
662 4642 825 4731 fatalem
842 4647 1007 4738 horam,
1033 4676 1078 4731 ac
1098 4652 1219 4747 morti
1236 4666 1391 4759 pugna·

135 4754 279 4843 cassinae
295 4756 495 4845 minitati.
527 4762 693 4845 interim
720 4762 1057 4873 ipsurc'ttttnorae
1082 4768 1159 4847 iam
1176 4764 1390 4869 impatiens

1116 4910 1119 4917 '
1226 4902 1334 4957 nunc
