3325 6509
1259 927 1361 1041 261

200 1067 387 1165 raineria
397 1067 570 1162 ciuitas,
593 1083 803 1181 tantopere
816 1062 856 1153 se
880 1086 1010 1151 totam
1038 1064 1181 1178 iponte
1195 1066 1450 1165 commoneri

201 1184 617 1276 adcohoneiiandom
630 1179 757 1268 funos
771 1182 1032 1296 pauperrimo
1043 1185 1243 1293 Virginis,
1256 1182 1453 1270 obscuro-

209 1329 302 1391 rom
316 1326 528 1413 parentum
543 1294 807 1386 homilirfiliae
817 1348 832 1391 ,
843 1320 1016 1413 quaque
1032 1295 1129 1381 dum
1140 1299 1241 1391 vixit
1252 1301 1360 1384 adeo
1373 1291 1452 1383 sese

215 1419 272 1504 ab
285 1420 468 1503 omnium
481 1416 631 1505 oculis,
646 1408 952 1524 notitia,piausu
969 1414 1204 1505 occultarat
1221 1411 1288 1500 sed
1302 1409 1454 1521 implo-

217 1539 252 1619 ri
262 1529 546 1645 deboioquod
560 1526 713 1616 colitur
727 1527 959 1647 prodicium
974 1550 1073 1627 erar,
1083 1520 1171 1616 fore
1182 1529 1456 1652 iepulturm

218 1647 333 1734 iilius
351 1642 596 1765 gloriosam.

453 1878 899 2042 CAPVT
1003 1878 1253 2046 XXX.

225 2212 442 2451 Rosa
461 2212 774 2449 funebris
806 2224 1236 2401 condamus,
1266 2220 1454 2449 exse·

530 2458 743 2679 quia,
779 2452 1137 2674 tumulus.

346 2794 418 2876 Oti
430 2795 510 2876 iam
522 2791 642 2880 Limae
652 2793 894 2879 buccinante
908 2785 1016 2874 fama
1027 2789 1385 2883 innotuerat,Rosae
1398 2818 1460 2877 ca-

366 2906 494 2989 dautr
506 2902 578 2988 sub
588 2906 791 3017 vesperam
805 2904 1020 3005 Quaestoris
1032 2903 1159 2988 domo
1176 2901 1462 2989 efferendum.-

225 3018 308 3103 eiie
320 3018 373 3103 ad
386 3018 652 3131 sepulchrum,
663 3028 703 3105 &
714 3041 811 3104 ecce
826 3018 992 3139 plateas,
1006 3010 1109 3111 fora,
1123 3020 1237 3103 vicos
1252 3019 1334 3213 puri
1351 3042 1460 3103 tran-

226 3127 625 3245 seundum‚aliqriot
649 3135 761 3217 horis
784 3142 879 3218 ante
907 3132 1146 3242 impleuerat
1169 3129 1250 3216 effu
1269 3160 1292 3216 a
1317 3133 1462 3246 populi

227 3247 472 3334 multitudo.
506 3250 591 3331 Via
615 3248 898 3358 pro²dignitatc
912 3246 1034 3331 Vrbis
1049 3244 1221 3357 spatiola
1237 3251 1460 3357 &amplaea

230 3366 259 3444 ai
275 3364 488 3463 Quaestorir
500 3360 715 3443 domicilio
728 3358 853 3470 vique
866 3361 918 3443 ad
932 3356 1076 3442 sacram
1092 3359 1252 3445 Aedem
1269 3359 1463 3445 Praedica-

229 3498 368 3556 torum
384 3471 496 3555 mille
509 3476 668 3555 circiter
680 3468 860 3585 paffuum
873 3476 947 3554 iter
961 3494 1067 3563 erat,
1086 3498 1161 3555 nec
1174 3496 1310 3557 tamen
1324 3471 1380 3559 sat
1395 3497 1464 3558 ca·

229 3582 662 3701 piebantnumerosam
681 3587 843 3699 piebem
859 3586 1091 3696 tempestiui
1103 3610 1176 3698 per
1191 3588 1330 3672 omnia
1344 3614 1462 3673 com·

231 3705 319 3815 pita
331 3704 672 3812 agglomeratam,
688 3726 812 3815 quam
827 3725 904 3784 nec
920 3727 1075 3811 prato,
1095 3725 1171 3786 nec
1186 3705 1461 3813 templorum..

228 3814 386 3901 excelsa
398 3816 688 3920 tintinnabula,
705 3812 774 3899 sed
791 3812 876 3898 sola
889 3811 1081 3926 cuiusque
1100 3813 1310 3923 fingularis
1324 3816 1459 3899 deuo·

233 3930 520 4015 tioinuitirat.
549 3925 838 4014 illustrissimus
856 3931 978 4015 Limae
996 3929 1143 4012 archie
1176 3923 1337 4064 ispopus
1367 3955 1463 4041 pro·

234 4044 367 4130 dierat
380 4039 543 4126 funebri
554 4070 710 4155 pompa
724 4044 923 4127 honorem
946 4037 1019 4126 suae
1042 3954 1252 4163 prasium
1275 4046 1460 4155 imperti-

189 4234 193 4239 .
235 4152 1462 4269 toros,sedvsqueadGundisaiuiaedespeldtnfiffimasspe·

235 4280 435 4358 datorum
447 4272 651 4384 myriades
666 4269 830 4355 elucrari
843 4267 1029 4357 diffidens
1040 4319 1055 4362 .
1065 4293 1272 4382 permeato
1288 4268 1459 4357 frustra.

233 4409 395 4471 remoto
407 4388 550 4469 maluit
558 4383 611 4470 ad
626 4385 892 4471 D·Dominici
905 4384 1122 4497 Templum
1134 4383 1343 4472 deficerem
1355 4434 1368 4479 ‚
1382 4384 1461 4473 ibi-

270 4525 319 4584 ut
329 4503 558 4613 virgineum
571 4496 695 4583 funus
709 4496 780 4584 iub
791 4500 921 4585 valois
935 4484 1181 4610 iitspestar'e.
1196 4500 1361 4585 Interim
1375 4526 1463 4588 noo

236 4526 353 4697 Xecus
364 4640 485 4726 arque
499 4614 551 4699 ad
566 4611 771 4723 publicam
786 4608 1123 4725 supplicationem
1138 4612 1275 4731 lorgis
1289 4616 1464 4728 agmini·

240 4726 800 4842 burdiotrsrsqtvijsadaedea
826 4726 1284 4846 Qtaiiorisconfluxett
1300 4732 1367 4842 pia
1394 4752 1466 4813 va-

232 4840 844 4975 morumrtrutommsoprltm
871 4845 1033 4940 armine
1046 4864 1116 4943 aut
1126 4842 1295 4955 iubente
1312 4866 1383 4928 aur
1396 4866 1467 4963 rog

1285 4978 1411 5075 ganto
