3325 6509
364 912 473 1015 106

281 1046 556 1138 admirandus,
569 1044 622 1129 ad
637 1071 759 1161 quent
772 1045 948 1129 velutad
961 1065 1176 1131 commune
1191 1042 1301 1141 vrbis
1321 1038 1547 1129 oraculum

280 1165 407 1261 aedua
434 1187 565 1274 quaeqt
598 1161 764 1273 negotia
790 1164 972 1247 certatim
984 1154 1268 1247 adferebantur
1282 1186 1334 1247 ex
1354 1156 1544 1259 confidit

281 1280 528 1371 Antistitum,
541 1302 591 1357 ex
608 1280 738 1386 Regio
756 1281 965 1361 Audienn'ae
980 1281 1008 1376 (a
1021 1294 1063 1369 vt
1075 1286 1252 1379 vocant)
1274 1275 1469 1365 Senatus
1495 1296 1548 1359 tx

281 1388 742 1492 Conststorijs‚ludicijs‚
754 1389 1009 1483 ntentans,
1023 1414 1073 1470 ex
1085 1391 1243 1473 interno
1258 1390 1466 1501 extimoqt
1482 1382 1546 1473 fo·

282 1535 356 1605 ro,¹
373 1505 470 1616 quia
491 1501 648 1587 donum
662 1503 828 1604 Confilij
846 1501 1011 1589 mirifice
1028 1506 1069 1584 in
1084 1525 1196 1587 tanto
1210 1506 1310 1589 Viro
1327 1498 1544 1595 eminete:

280 1618 508 1709 sentiebant
519 1645 686 1703 omnes.
718 1612 1543 1730 PottdquantusfueritLorenzanainea

283 1762 410 1851 quam
425 1736 510 1819 inte
534 1737 976 1819 &intimandnm
1001 1729 1149 1821 dixeris
1172 1733 1336 1845 mystica
1350 1726 1542 1819 Theoso·

283 1852 394 1964 phin,
408 1850 638 1960 qnantusin
652 1842 840 1954 sapore&
853 1846 1131 1953 experimento
1146 1870 1280 1931 rerunt
1295 1844 1540 1941 coelestium,

282 1967 406 2079 qudm
422 1964 661 2043 exercitatus
676 1963 719 2041 in
731 1957 914 2043 altiffimae
927 1958 1285 2068 contemplationis
1297 1954 1540 2071 disciplina.

284 2079 410 2191 quim
432 2075 618 2159 oculatus
646 2099 693 2155 ac
708 2073 897 2184 Lynceus
911 2075 952 2153 in
967 2072 1155 2182 prudenti
1168 2073 1380 2185 ipitituum
1394 2068 1541 2161 discre-

284 2194 424 2282 tione,
439 2190 518 2279 hoc
533 2214 653 2271 vnum
668 2194 697 2289 (ι
716 2188 911 2298 streiiqua
923 2182 1128 2291 deeffcnt)
1144 2188 1299 2273 indicio
1312 2182 1537 2281 sufficerem

286 2302 403 2420 quaid
432 2304 585 2386 Diuina
610 2301 864 2411 prouidentia
886 2299 1134 2411 singulariter
1144 2300 1216 2413 ipfi
1229 2295 1414 2413 spiritum
1436 2296 1541 2391 iiost

288 2412 534 2505 commiserit
543 2415 852 2525 gubernandum
877 2471 889 2496 .
923 2411 1012 2499 Vni
1027 2414 1093 2499 hic
1108 2416 1465 2501 commemorandi
1479 2412 1542 2501 fo·

289 2530 510 2619 rentlaude
523 2557 606 2614 non
621 2531 791 2615 multitm
804 2532 947 2639 impari
962 2534 1002 2613 P·
1025 2527 1210 2615 Didacus
1231 2530 1538 2617 Martiaezsoc.

289 2652 384 2734 Ιεεν,
401 2651 538 2731 Patres
550 2645 729 2753 Magistri
742 2638 1018 2753 F.Aiphonsus
1036 2639 1261 2757 Velasquez
1273 2692 1288 2737 ‚
1302 2646 1345 2731 n
1361 2644 1543 2731 Ladoni-

207 2854 214 2865 ,
293 2786 366 2845 cus
378 2758 431 2839 de
444 2757 607 2849 Bilbao,
622 2766 662 2841 &
679 2761 708 2840 F
723 2760 896 2839 Ioannes
915 2762 1114 2850 Petebat
1126 2760 1351 2868 primorum
1367 2760 1540 2847 duorum

293 2895 464 2959 examen
476 2894 597 2955 totae
612 2894 721 2956 tanta
734 2870 1013 2981 compleditui
1035 2920 1048 2962 ‚
1073 2892 1118 2955 vt
1129 2898 1178 2956 ex
1192 2872 1366 2987 reliquis
1379 2872 1544 2961 niladdt

293 2980 410 3104 possit
431 3042 453 3077 .,
473 2986 607 3071 Modd
619 2985 670 3069 ad
683 3011 766 3071 rem
777 2983 938 3099 petistis
962 3037 974 3062 ·
1005 2979 1197 3073 Affedere
1223 2987 1359 3099 primo
1371 2988 1545 3077 examini

293 3101 512 3189 honestatis
522 3103 649 3212 gratia
660 3094 770 3183 Rosae
781 3100 915 3183 Mater
928 3105 968 3185 dt
982 3098 1167 3187 D.Metia
1180 3100 1234 3187 de
1249 3098 1544 3213 vsaoegtiCo-

292 3244 376 3305 tam
392 3214 455 3299 his
481 3219 536 3300 D.
550 3214 737 3299 Castiilus
751 3216 911 3326 integro
926 3212 1046 3297 trium
1062 3215 1249 3303 horarum
1266 3210 1546 3328 spatiavirgi·

293 3357 388 3419 nem
409 3334 452 3415 in
478 3329 702 3415 domestico
713 3330 869 3415 cellulae
880 3328 1004 3413 horto
1015 3331 1125 3415 velut
1139 3331 1334 3441 indagine
1348 3330 1546 3416 cinnam

293 3476 363 3562 per
378 3449 505 3533 varias
517 3446 751 3557 questiones
766 3445 955 3537 distinuit,
972 3450 1150 3562 animaeqt
1165 3449 1282 3532 venis
1299 3438 1547 3555 diligentin-

292 3564 358 3649 me
374 3564 611 3673 pertentatis
626 3563 764 3645 omnia
777 3557 870 3645 sana
882 3585 929 3645 ac
945 3556 1051 3647 salua
1065 3562 1244 3647 inuenit.
1274 3562 1546 3651 Ptimdintet·

287 3678 499 3785 .togata‚·a
511 3694 667 3782 quanto
681 3698 865 3786 tempore
875 3675 1058 3759 coelestes
1071 3677 1413 3763 stimulos&tran
1448 3672 1542 3761 utut

293 3782 684 3899 orationisspiritnm
706 3788 950 3901 concepisset
974 3840 989 3883 ‚
1017 3789 1408 3903 responditfimpiie'
1455 3788 1545 3881 mee

292 3906 487 4017 temporis
495 3902 665 4017 quidem
676 3898 715 3988 se
726 3930 812 3990 non
823 3897 1056 3997 meminisse,
1071 3909 1123 3993 ed
1138 3907 1254 4021 qudd
1268 3906 1434 4019 :ipritna
1452 3926 1549 4017 pue·

293 4022 386 4109 titia
405 4010 651 4131 ferepererit
662 4020 886 4107 fundendis
900 4022 1216 4131 precatiunculis
1231 4022 1416 4135 apprime
1433 4016 1546 4105 dedi·

293 4158 449 4227 tam‚ac
462 4138 759 4221 totamentead
774 4135 896 4221 serios
911 4136 1137 4225 meditandi
1153 4140 1328 4225 conatds
1346 4142 1547 4225 erectam,

293 4276 337 4339 vt
350 4248 679 4335 nihiloccutrete
691 4254 761 4337 fibi
774 4254 939 4337 dulcius
954 4260 1142 4361 potuerit,
1157 4252 1282 4371 quim
1297 4254 1390 4341 Deo
1403 4250 1549 4363 ioqui,

289 4364 1014 4477 Deumcogitatednhiaresupernis..
1046 4372 1147 4456 Non
1162 4371 1309 4482 puduit
1321 4363 1439 4454 fateri
1452 4366 1549 4451 istu

290 4509 429 4568 coram
442 4484 586 4572 Matre,
599 4509 687 4592 quae
700 4482 824 4593 qudm
838 4506 930 4566 vera
944 4480 1108 4575 diceret,
1123 4486 1243 4569 nimis
1262 4478 1426 4571 conscia
1438 4496 1547 4567 etat·

285 4598 540 4708 interrogata
553 4594 606 4679 de
620 4594 841 4680 succeffiuis
855 4598 897 4678 in
913 4595 993 4681 hoc
1007 4598 1138 4683 studio
1155 4594 1405 4711 profediibus
1428 4648 1443 4693 ‚
1472 4620 1550 4680 ana

292 4718 377 4827 pati
390 4709 832 4831 semperaniicatione
850 4714 984 4801 animi,
1001 4707 1209 4808 facilitate,
1225 4716 1484 4806 collectione,
1502 4731 1545 4791 ac

289 4828 587 4945 imperturbata
615 4854 757 4913 mentis
774 4824 978 4911 serenitate
994 4824 1418 4943 oraueritftespondit
1438 4880 1452 4923 2
1474 4816 1551 5023 {svn

1447 4969 1472 5028 a
