3325 6509
580 942 885 1153 dchn
921 1058 1010 1144 in
1028 1049 1413 1140 articulos
1450 1045 1820 1169 vigorem
1849 1098 1880 1143 ⁹
1902 1040 2252 1157 illosque·
2276 1044 2767 1139 detumuiffe
2795 1056 3100 1147 statim

578 1179 955 1270 violento
976 1169 1378 1285 spiraculo
1400 1217 1428 1259 2
1450 1188 1541 1253 vt
1565 1163 1772 1251 solet
1793 1168 1981 1250 aete
2003 1162 2248 1279 plena
2261 1164 2523 1254 vcfica
2543 1168 2748 1255 dum
2807 1200 2942 1284 pre
2953 1184 3094 1263 mi-

575 1320 737 1389 tur,
768 1292 1039 1407 ficquc
1062 1284 1221 1373 vna
1244 1308 1433 1372 cum
1462 1305 1784 1373 tumore
1810 1304 2142 1375 omnem
2169 1283 2467 1405 paritet
2489 1284 2917 1380 cuanuiss'e
2940 1295 3084 1381 do-

562 1418 821 1501 lorem
852 1464 875 1489 .

679 1520 1143 1615 Acccrfitus
1202 1516 1580 1641 postridie
1606 1514 1984 1615 Medicus
2035 1518 2534 1615 examinauit
2573 1538 3076 1624 manumdc-

568 1644 766 1735 inde
790 1644 1213 1757 Virginem
1241 1694 1270 1735 ³
1328 1668 1507 1755 quae
1560 1646 1793 1757 quod
1830 1643 2107 1759 pridie·
2155 1642 2476 1731 dixerat
2515 1642 3074 1759 simpliciffime

552 1758 1073 1847 confirmauit
1099 1782 1349 1844 totam
1382 1760 1495 1839 rei
1518 1762 1748 1873 gestae
1773 1755 2044 1844 seriem
2077 1782 2310 1871 grato
2335 1762 2619 1847 animo
2643 1766 2738 1848 in
2763 1760 2914 1855 suae
2933 1770 3070 1854 Sc-

550 1876 897 1991 raphicae
922 1876 1313 1986 Magistra·
1340 1868 1712 1959 fauorem
1737 1926 1766 1967 2
1819 1881 1898 1959 δι
1950 1876 2292 1987 gratiam
2319 1874 2838 1967 refundens.
2903 1886 3061 1971 Ac-

551 1990 770 2080 ccffit
790 1987 1197 2079 beneficio
1220 2042 1249 2085 2
1296 1990 1533 2102 quod
1586 1988 1878 2076 exinde
1904 2016 2330 2105 nunquam
2371 1996 2462 2079 in
2509 1996 2916 2106 posterum
2938 2026 3058 2085 ar-

546 2108 815 2196 thritis
838 2134 1165 2195 manum
1195 2105 1418 2189 illam
1446 2104 1736 2191 inuasit
1762 2106 2046 2220 quoad
2101 2102 2312 2195 Rosa
2334 2102 2830 2223 superuixit.
2897 2118 3050 2200 Vc-

545 2224 720 2311 tistn
744 2225 1227 2338 praestantius
1250 2217 1409 2305 fuit
1432 2223 1772 2306 alterum
1795 2271 1824 2314 2
1869 2220 2100 2335 quod
2123 2224 2350 2308 intus
2385 2218 2616 2311 Rosae
2641 2230 3044 2315 animam„

540 2338 1034 2424 dulcorabat
1055 2337 1348 2422 codem
1377 2338 1524 2421 illo
1552 2357 1978 2423 momento
2037 2365 2218 2453 quo
2263 2330 2468 2425 foris
2524 2342 3042 2429 conualesce-

540 2454 686 2544 bat
707 2480 1039 2544 manum
1088 2450 1280 2537 fassa
1304 2454 1413 2537 cst
1436 2504 1465 2545 2
1517 2454 1854 2561 mod-ico
1903 2455 2047 2541 illo
2073 2478 2440 2567 tempore
2464 2480 2643 2569 quo
2667 2485 2858 2545 cum
2883 2458 3040 2547 san-

546 2576 670 2657 da
698 2574 1078 2658 Catarina
1102 2566 1425 2656 Senenfi
1451 2568 1555 2657 dc
1584 2570 1940 2657 curanda
1971 2570 2104 2659 ssta
2123 2573 2460 2656 dextera
2497 2567 2840 2689 supplex
2857 2603 3036 2689 egc-

542 2709 671 2773 tat
694 2738 719 2779 ‚
747 2687 976 2773 fimul
1009 2690 1091 2770 in
1120 2688 1459 2771 intimos
1485 2689 1761 2771 cordis
1791 2683 1906 2772 sui
1942 2684 2288 2775 recessus
2341 2687 2689 2797 largum·
2711 2689 3030 2781 insolitae

644 2794 1057 2889 suauitatis
1082 2824 1348 2888 rorem
1370 2798 1766 2913 depluiss‘e
1787 2854 1816 2895 ‚
1862 2804 2010 2915 qui
2035 2808 2286 2888 etiam
2344 2803 2539 2887 inde
2567 2808 2935 2899 exuadi-

748 2918 851 3003 tit
869 2922 953 3007 in
982 2942 1281 3029 corpus
1307 2973 1329 2997 .
1392 2918 1581 3001 Nec
1610 2918 1906 3002 mirum
1933 2916 1988 3003 fi
2015 2917 2438 3004 medicinae
2459 2920 2812 3011 caelcstes

745 3033 751 3039 ’
875 3037 923 3126 ὲ
955 3058 1236 3123 centro
1260 3032 1361 3115 ad
1390 3028 1896 3143 superficiem
1919 3028 2230 3119 soleant
2253 3038 2696 3144 operari22c

988 3148 1208 3273 prius
1231 3148 1579 3232 animam
1606 3150 1857 3259 quam
1891 3175 2191 3269 corpus
2227 3150 2564 3275 attinge-

1156 3291 1240 3354 re
1268 3320 1293 3346 .
1348 3261 1511 3353 Sed
1538 3265 1833 3361 mirum
1857 3264 1969 3354 cst
1997 3267 2159 3351 haec
2183 3258 2408 3369 Rosae

1276 3399 1800 3513 nequaquam
1847 3376 2080 3483 fuissc
2102 3382 2255 3471 mi-

1538 3504 1953 3617 122th0tss

750 3613 787 3656 Γ
876 3620 1017 3713 cui
1072 3616 1123 3701 i
1174 3616 1655 3708 B.Catatina
1708 3611 2032 3703 Scncnfi
2062 3636 2212 3696 ceu
2245 3614 2508 3701 Matre
2537 3638 2690 3733 pe-

921 3768 930 3774 ·
998 3730 1009 3771 ·’
1092 3728 1197 3817 οὲ
1234 3729 1715 3854 quotidiana
1741 3753 1970 3833 crant
1997 3752 2096 3811 cx
2124 3732 2429 3818 mutuis

1366 3846 1892 3950 commerciis
1937 3840 2148 3932 sola·
2292 3896 2299 3901 -

1643 3962 1872 4085 aa„

2489 5026 2868 5119 CAPVT
