3325 6509
1271 851 1370 961 165

203 983 661 1100 viquimeonculeetur.
691 982 882 1065 Addebat
910 991 936 1082 (ι
953 982 1213 1066 mirumdieiu
1226 999 1246 1089 )
1278 988 1329 1066 ad
1345 986 1451 1068 istud

200 1104 315 1217 quod
328 1098 504 1211 puerile,
531 1099 726 1207 nimiique
756 1093 1097 1197 immiucuinalijs
1115 1098 1462 1183 videbaturCru·-

202 1224 262 1302 eis
275 1208 936 1307 honorandurstudiumsestimulis
952 1234 1041 1311 tam·
1062 1210 1242 1311 excelsas*
1257 1236 1307 1301 ac
1335 1204 1444 1313 serijs
1465 1302 1467 1307 .

204 1326 384 1417 excitati,
397 1346 441 1409 ut
452 1324 702 1433 repugnandi
715 1322 861 1427 modus,
871 1342 941 1406 aut
953 1325 1055 1427 ratio
1067 1350 1291 1436 numquam¹
1307 1316 1383 1431 sibi
1396 1316 1466 1407 ad'

204 1435 454 1527 manumitti
486 1438 705 1545 proinde&
722 1438 802 1521 hoc
827 1438 932 1519 inter
960 1437 1041 1521 alia
1066 1436 1464 1551 compluracondo-3

207 1545 1049 1645 naudumeiseatdorisuotumaffectuum2
1076 1552 1442 1637 maximestvcrutu

202 1662 613 1777 foretquodaliunde
627 1658 796 1747 obscura
809 1662 1060 1775 persuasione
1075 1688 1298 1775 acceperat,
1321 1690 1369 1746 ex
1389 1660 1447 1746 sa-

202 1784 280 1865 eris
294 1778 640 1883 Indulgentiarurn
654 1770 844 1861 thesauris
857 1777 1028 1888 aliquod
1054 1778 1267 1888 repositum
1291 1779 1366 1858 esse
1381 1778 1445 1859 lu-

202 1922 314 1979 crum
327 1890 540 1981 fidelibus,
566 1894 776 2000 quicumqr
791 1890 871 1973 hoc
886 1890 1149 2000 fimplicitatis
1164 1890 1353 2001 religioso
1369 1888 1444 1972 ob-

203 2007 345 2117 sequio
356 2004 522 2087 S.Ctuci
533 2004 796 2095 reuerentiam
806 2004 1064 2087 exhiberent.

260 2118 364 2203 uota
388 2120 429 2199 in
454 2110 523 2201 suo
547 2116 711 2201 hortulo
736 2114 983 2229 planrauerat
1005 2117 1244 2219 libanotim‚
1280 2108 1444 2229 Rosma-

202 2236 313 2318 riuus
340 2228 464 2339 vulgo
494 2229 669 2337 dicitur,
693 2226 861 2341 eiusque
885 2254 966 2315 ttes
993 2225 1221 2331 arbusculas
1240 2230 1439 2339 'distinctis

204 2339 422 2453 cespitibus
444 2338 502 2427 nu
527 2342 744 2427 in.Crucis
770 2338 941 2445 formam
971 2366 1160 2453 coegerat
1173 2372 1191 2435 ,·
1209 2365 1251 2427 vt
1283 2342 1441 2453 singuiae

206 2456 334 2569 glebae
347 2455 503 2539 seorsim
518 2478 745 2545 accuratam
761 2459 1117 2547 montiscaluariae
1141 2458 1306 2565 liguram
1319 2456 1446 2538 vnde·

204 2596 367 2680 quaque
382 2573 672 2679 exprimerent.
703 2569 922 2653 Gaudebat
947 2562 1449 2653 interflorcsuodorifera

202 2684 396 2795 plantaria
411 2688 556 2791 pariter
592 2683 822 2765 &Crucem
844 2682 975 2765 oculis
1002 2678 1286 2764 misce-minuo
1302 2682 1448 2761 obuer-

210 2792 321 2876 sari..
341 2797 494 2881 Placuit
510 2795 648 2889 multis
660 2820 813 2881 nouum
830 2797 1077 2878 amoenitatis
1092 2791 1449 2907 artificiumtquod

204 2910 394 3015 irrigante
409 2906 846 3013 gratiaiubhottulanae
874 2910 1096 2991 deuotione
1117 2902 1286 2989 feliciter
1309 2904 1450 2989 adole-

205 3021 483 3101 uerat.Veritm
500 3042 694 3129 operante
707 3021 749 3105 M
756 3020 902 3127 agistro
913 3017 1207 3129 P.F.Alphonso
1223 3018 1447 3128 Velasquez

203 3128 313 3219 Rosa
328 3130 454 3215 Confi
467 3130 589 3213 ii'art'o-
601 3160 648 3213 ex
668 3132 797 3233 tribus
813 3136 927 3215 unica
942 3133 1153 3235 dumtaxat
1165 3128 1272 3218 uosae
1287 3133 1450 3215 hortulo

205 3242 344 3326 manfit
359 3244 527 3335 residua,
541 3244 732 3355 siqnidem
746 3248 781 3327 is
796 3248 960 3329 alteram
977 3246 1163 3356 poposcit
1177 3246 1245 3328 fibi
1262 3246 1448 3335 ‚alteram

204 3360 422 3463 Protegina
435 3360 550 3438 dono
566 3356 739 3439 eiusdem
754 3358 957 3452 obtinuit,
970 3357 1204 3471 summaque
1219 3386 1313 3441 cura
1327 3383 1452 3467 penes

204 3464 245 3549 se
260 3472 408 3551 nutrire
422 3470 599 3559 studuit,
630 3466 693 3552 sed
707 3464 929 3562 incusum,
954 3473 1019 3555 vix
1032 3477 1141 3555 enim
1156 3473 1244 3554 dics
1260 3471 1452 3582 perpauci

204 3576 470 3672 effluxerant,
484 3608 578 3663 cum
594 3578 935 3694 cruciferrcspes
954 3587 1068 3696 apud,
1086 3589 1345 3697 Protegioam
1360 3579 1454 3667 fun·

203 3694 316 3778 dirue
326 3698 493 3785 exaruit,
511 3690 719 3779 manifesto
731 3695 911 3789 indicio,
946 3702 1147 3808 propriam
1173 3700 1245 3783 fibi
1257 3694 1452 3782 defuiffea

202 3806 356 3891 Crucis.
381 3814 419 3891 &
438 3808 635 3893 Caluariae
651 3811 930 3894 hortulanum.
958 3816 1153 3899 Nartauit
1163 3815 1323 3923 Virgini
1337 3814 1453 3894 Con·

201 3912 382 4003 feisarius
395 3920 583 4005 dolorem
598 3928 851 4031 Protegimr‚
880 3948 921 4007 at
936 3922 1089 4029 subrifit
1103 3929 1232 4036 Virgo
1249 3928 1408 4009 monuit
1440 3956 1450 4012 ;

201 4026 654 4118 huiuscemodictuces
667 4040 772 4119 inter
786 4032 981 4121 seculares
996 4038 1112 4124 nulae
1128 4067 1299 4151 pompas
1314 4047 1352 4125 &
1367 3952 1458 4121 ailiqss

199 4144 835 4233 duaMundicommerciavirerc
863 4176 945 4233 non
972 4148 1104 4260 poise:
1136 4158 1264 4238 vetuit
1288 4176 1450 4235 tamen..

199 4261 446 4343 emarcidum
461 4261 678 4347 arbuscula
690 4263 866 4346 cadauer
881 4268 1022 4373 proijci
1038 4316 1051 4356 ‚
1075 4263 1255 4378 iussitque
1270 4264 1372 4350 adse
1388 4292 1448 4347 rc·

201 4375 307 4457 mitti
318 4375 559 4487 propediem
591 4372 901 4489 reiugcitandum
917 4435 941 4485 ·:
961 4383 1038 4463 Vix
1062 4387 1102 4464 in
1121 4408 1308 4492 quartum
1338 4378 1449 4483 diem

200 4482 368 4573 exsucca
378 4489 562 4600 plantula
577 4514 704 4599 penca
715 4486 858 4599 Rosam
876 4487 955 4575 fuit
967 4544 980 4585 ,
991 4519 1086 4597 cum
1101 4491 1316 4604 speciofior
1327 4495 1452 4607 quim

201 4624 292 4681 ante
306 4597 438 4689 fuerat
450 4604 633 4715 vudiquc
650 4606 840 4697 renituit,
854 4608 973 4689 nouis
988 4606 1301 4727 ramusculorum
1314 4590 1451 4691 conra-

201 4738 241 4795 ta
255 4716 453 4823 periuriis,
483 4746 596 4805 nouo
611 4718 884 4807 radiculatum
899 4748 945 4805 ac
961 4721 1226 4809 medullatum
1254 4720 1451 4911 suieeore-

1283 4867 1295 4913 <
1316 4861 1392 4913 tut-
