3325 6509
291 878 364 978 60

206 992 305 1128 gulo
333 1013 551 1098 extantium
579 1005 710 1095 dirlitae
724 1032 853 1099 cotes
869 1011 1068 1096 iacentem
1084 1005 1231 1095 Rosam
1245 1004 1315 1091 dis
1308 1031 1469 1118 punte-

205 1133 284 1219 rint
307 1182 320 1223 ,
343 1124 473 1212 facilis
502 1125 740 1213 coniectura
762 1126 816 1208 cst
827 1125 944 1218 ,sane
958 1129 1003 1211 in
1013 1127 1106 1237 iplis
1116 1121 1258 1209 solidis
1271 1121 1464 1208 all'etibus

204 1242 421 1356 conspicue
447 1264 718 1351 apparuerunt
737 1241 990 1350 impastinata
1014 1241 1249 1354 lapillorum
1273 1239 1464 1348 vestigia,

207 1356 295 1472 ipsae
306 1355 440 1458 tabule
454 1352 751 1441 scrobiculatim
768 1352 970 1439 hincinde
982 1363 1128 1441 extrita
1142 1352 1466 1465 protestabantur

209 1470 466 1583 satis,quim
480 1470 655 1553 molliter
666 1469 728 1554 his
742 1468 978 1554 incubuerit
991 1472 1206 1555 macilenta
1219 1467 1353 1552 Rosa.

137 1638 140 1643 >
267 1585 461 1673 Ceterum
485 1583 614 1696 lapilli
641 1581 796 1693 sparsam
827 1610 875 1667 ac
903 1585 1109 1671 mobiliter
1132 1578 1308 1693 disposui
1335 1579 1465 1669 facile

211 1695 536 1793 cedebantmoli,
552 1701 714 1810 quoties
729 1700 770 1780 in
783 1697 896 1785 aliud
910 1702 1011 1785 latus
1033 1699 1268 1784 vertendum
1281 1722 1467 1786 eratcot·

213 1811 446 1927 pasculum-0
478 1814 603 1921 Igitur
615 1809 803 1897 addenda
818 1813 1154 1903 videbanturtnm
1169 1812 1334 1897 duriora
1349 1835 1464 1897 tum

213 1925 648 2036 liabiliorainequulei
663 1922 987 2035 supplementum
1013 1986 1024 2008 .
1057 1930 1222 2038 Nempe
1237 1932 1310 2011 tria
1324 1926 1462 2038 ligna.-

212 2039 611 2133 tortuosamdolara,
623 2036 778 2124 nodosa
790 2042 939 2127 tabulis
950 2036 1158 2150 imposuit,
1168 2066 1216 2125 ac
1228 2044 1337 2125 inter
1353 2067 1466 2128 com·

206 2150 395 2243 missuras
418 2153 673 2245 tenuioribus
700 2155 860 2263 paxillis
876 2155 1050 2241 firmauit
1064 2151 1131 2238 sub
1144 2155 1322 2264 stragulo
1334 2181 1387 2239 ne
1397 2182 1468 2241 ce:-

211 2266 370 2366 dorem.
386 2263 1468 2380 Attamenperdiemhoscertuncosexemptilesseor-

215 2377 748 2479 srmoccultabatsubthoro
773 2430 788 2476 ,
816 2409 867 2465 ne
881 2385 1012 2473 Mater
1024 2406 1094 2470 aut
1107 2410 1156 2467 ex
1166 2383 1464 2494 inaquositate,

215 2497 377 2610 {tragali
391 2497 466 2589 hos
479 2496 821 2606 deprehenderet,
846 2516 915 2580 'aut
927 2500 1062 2610 palam
1081 2497 1282 2608 expofitos
1299 2502 1469 2583 traheret

218 2615 462 2723 iu'legitimae
479 2608 715 2721 suspicionis
728 2635 1031 2719 argumentum·
1059 2617 1188 2698 Vnica
1202 2613 1367 2694 demum
1384 2617 1474 2699 Ma.

220 2724 489 2811 riauaancilla
503 2722 644 2811 secreti
656 2722 817 2809 conscia
832 2721 1226 2838 suit,quamvalidis
1239 2725 1475 2811 obtestatio-

221 2843 343 2931 nibus
357 2836 494 2949 adegit
508 2840 607 2924 Rosa
620 2865 670 2922 ne
683 2838 872 2950 proderet
893 2890 907 2932 ,
936 2852 975 2927 δε
1003 2839 1270 2925 stcubiculum
1287 2865 1478 2924 euerten-

221 2956 321 3047 dum
337 2947 444 3047 esset,
462 2955 540 3041 hare
551 2954 666 3063 signa
677 2953 746 3047 suo
760 2955 857 3047 loco
869 2959 932 3039 vel
947 2959 1114 3051 immota
1125 2955 1396 3064 relinqueret,
1407 2955 1473 3041 uel

223 3079 399 3159 astutum
417 3092 641 3170 reponeret·
659 3071 742 3154 Diu
758 3069 913 3176 placuit
925 3065 1069 3164 seruati
1081 3067 1378 3152 Rosia-crudelis
1392 3068 1472 3153 nac

223 3172 1478 3294 supinaetor'fioniscatasta>placuissetqtdiutiuslifuissetatro’,

223 3303 310 3389 cior
324 3349 335 3388 ,
351 3298 429 3379 hoc
442 3299 494 3378 est
509 3296 533 3379 sr
548 3296 705 3381 acutius
720 3303 759 3381 ὅ(
773 3301 884 3383 omni
897 3322 946 3378 ex
961 3322 1069 3408 parte
1082 3290 1278 3389 saeuijlset,
1303 3298 1469 3381 ramim

224 3439 283 3501 ter
308 3415 522 3525 lignorum.
539 3439 665 3503 vacua
691 3409 813 3523 spatia
842 3413 896 3503 nil
925 3435 1009 3499 erat
1021 3411 1135 3525 quod
1149 3407 1371 3499 incubuatu
1382 3400 1478 3501 sati's

227 3553 448 3620 cruciaret·
519 3586 524 3623 .·
660 3616 665 3623 ,
742 3550 748 3569 ’
836 3614 842 3623 ,
1210 3570 1214 3589 ·
1432 3564 1474 3617 :r

226 3739 230 3747 Ι
278 3643 410 3740 Subiit
438 3620 1478 3749 er·g'o.nouaac.posttemalectulidirissrmeasperanss

225 3755 272 3849 cli,
283 3754 484 3862 cogitatio
504 3804 517 3831 .
535 3752 715 3837 -Tabulis
730 3754 834 3837 arde
849 3752 1062 3837 commissas
1076 3755 1188 3863 ligna
1204 3749 1481 3863 omninosepl

138 3892 140 3897 '
225 3896 306 3956 tem
323 3867 863 3967 instrauitiustisgintetuallis
876 3918 889 3959 ,
902 3895 991 3978 quae
1002 3868 1323 3961 rae-laxarentur,
1342 3869 1482 3961 hubuf

224 3986 275 4069 lis
290 3982 390 4071 loris
406 3981 706 4090 aptaditlrmxtr
726 4038 751 4079 ‚2
770 3982 895 4067 Porro
908 3982 1083 4093 iugulas
1101 3983 1479 4092 distantiumligno·

226 4125 314 4182 rum
326 4097 651 4206 intercapedines
663 4100 867 4209 praeacutis
883 4098 1110 4208 tegularum
1126 4092 1360 4207 fragmentis
1376 4148 1395 4190 ,
1407 4121 1482 4189 co·

225 4212 378 4307 sillium
397 4200 1482 4322 patinarumfaunum,renar·u1nqaf,auammtraque-3

221 4327 293 4425 tris
307 4317 360 4401 sic
371 4324 571 4431 impleuit,
582 4351 625 4409 vr
636 4325 884 4434 singulorum
896 4351 989 4437 pars
1001 4328 1484 4427 mucronataolauertere-

220 4464 285 4523 mr
298 4441 493 4538 corpori,
508 4471 553 4529 ac
572 4471 618 4526 ea
634 4439 802 4553 quidem
817 4438 1301 4539 conferuffimadenfitare
1316 4444 1399 4553 qua
1412 4464 1487 4525 nur

211 4571 307 4671 aare
322 4562 390 4628 aut
401 4552 547 4642 cedere
565 4558 678 4642 nulla
694 4548 846 4664 posset,
871 4583 966 4643 cum
979 4553 1488 4668 inferne-satproltiberent

199 4660 387 4755 sublesli
399 4657 546 4754 asseres
562 4701 611 4757 ne
628 4673 709 4783 qui
723 4672 938 4764 excideret,
951 4669 1360 4784 costasqt-obfidetent
1368 4675 1488 4782 ligna

196 4771 309 4848 ner·
415 4788 723 4925 uurphplanx.
755 4792 862 4896 Qis
874 4787 1012 4882 credet
1023 4778 1490 4989 uiderldenitp'potuilst,

620 4910 642 4935 '¹
734 4988 747 5005 ᾖ
1287 4907 1428 5018 ignum
