3325 6509
229 1040 405 1159 persona
421 1041 556 1155 saepius
573 1048 605 1147 (ε
619 1063 661 1126 at
678 1061 749 1153 per
762 1033 968 1150 soporem)
982 1063 1219 1151 apparuerat
1231 1040 1328 1130 felix
1343 1045 1461 1143 Rosa,

231 1162 412 1247 edocens
425 1159 550 1271 quim
566 1156 746 1243 iucundo
758 1155 957 1266 bonoque
970 1154 1068 1240 statu
1085 1183 1147 1240 res
1163 1158 1385 1246 suxerant.
1402 1167 1473 1248 Bis

234 1297 367 1359 tamen
383 1274 519 1359 eidern
532 1271 650 1359 solito
666 1270 815 1356 clarior
827 1269 1101 1383 iilustriorque
1112 1279 1322 1383 apparuit,
1334 1281 1472 1389 primb

234 1387 404 1502 quando
418 1410 582 1473 venerat
594 1387 706 1471 illius
718 1385 898 1468 animum
914 1381 1194 1470 confortatura
1208 1396 1311 1475 inter
1326 1386 1475 1476 aduer-¹

236 1505 368 1591 suares
385 1529 487 1614 quas
501 1503 669 1616 quidem
685 1524 780 1583 tunc
798 1499 1025 1609 patiebatur
1038 1499 1278 1611 grauiffimas
1292 1561 1305 1586 0
1319 1508 1476 1592 Secun-

230 1621 289 1705 do'
296 1646 415 1709 ‚curn
429 1614 545 1728 supra
557 1617 740 1728 Virginis
755 1610 1011 1724 sepiuchxum
1035 1614 1473 1708 maniststeeamdem,

231 1735 389 1821 viditin
406 1737 502 1816 aere
515 1738 625 1818 flexis
641 1729 868 1844 poplitibus
883 1732 961 1815 ritu
975 1727 1200 1841 supplicum
1214 1736 1470 1822 interceden-

227 1872 309 1934 tem
325 1846 438 1956 apud
453 1850 589 1931 Deum
603 1847 804 1959 proLinra
815 1845 965 1932 dilecta
978 1847 1105 1954 patria
1119 1843 1296 1932 sua.Nec
1308 1852 1477 1944 mirum.

224 1963 386 2049 duabus
406 1963 468 2045 his
483 1961 641 2048 vicibus
658 1958 803 2045 Rosam
815 1955 937 2045 solito
954 1955 1099 2067 fuififfe
1116 1963 1469 2072 gloriosioremaan

226 2082 296 2164 vbi
314 2081 354 2160 in
367 2078 492 2187 priori
504 2076 556 2160 de
572 2077 764 2187 patientia
779 2073 978 2183 agebatur
990 2126 1003 2166 a
1017 2076 1279 2162 ostendenda
1291 2075 1371 2163 fuit
1397 2107 1471 2177 εο-Ι

228 2193 422 2302 demquo
438 2193 654 2302 Seraphica
670 2195 799 2285 uhter
813 2191 1469 2308 luaparientiaspeciatipmilegio.

228 2312 426 2398 hierarc,
445 2308 488 2389 in
502 2306 709 2418 posteriori
726 2331 816 2417 quac
830 2306 998 2413 patriam
1009 2307 1287 2392 concernebat
1299 2360 1312 2400 ‚
1325 2310 1474 2394 debuit

227 2420 368 2532 vtique
380 2418 672 2509 ardentiffirnus
686 2446 782 2530 erga
798 2419 1126 2511 conciuenauror
1145 2423 1238 2532 post
1260 2449 1468 2508 morrena

227 2535 678 2623 rocoleminssutitare.
708 2541 835 2620 Porro
866 2556 910 2621 vt
931 2532 1095 2620 vifionis
1111 2535 1264 2621 sincera
1279 2534 1471 2624 affererc.

219 2672 286 2734 tur
299 2653 470 2744 veritas,
496 2653 539 2737 in
554 2653 725 2737 muliere
739 2672 950 2760 comperta
962 2643 1127 2735 fuerunt
1153 2653 1178 2734 a
1202 2657 1345 2763 peritis
1373 2679 1481 2745 vera-

220 2765 654 2855 diuinaereuciationis
669 2759 1334 2877 critiria‚profundiorhumilitan
1350 2771 1466 2877 agni-

218 2873 771 2972 tiosuinihili‚altnrnentis
785 2878 1474 2996 tranquillitas‚gaudiunrspiritua-t

222 2995 265 3080 ie
280 2995 403 3081 nonis
417 2995 552 3080 diuini
567 2993 1260 3092 amoribincendiisinflammatum.
1433 3066 1470 3089 ,,

229 3170 235 3179 -
313 3110 593 3221 Prodigiosrut
609 3108 728 3204 tibae
743 3109 918 3219 plurium
932 3105 1136 3218 ignorum
1149 3110 1337 3199 benefico
1357 3140 1470 3201 eon·-

221 3218 337 3307 cursu
363 3219 510 3311 foetum
534 3230 651 3338 quod
668 3221 862 3311 referam.
898 3223 1186 3309 Decurnbebat
1212 3228 1255 3310 in
1283 3230 1462 3314 Limano

214 3333 434 3437 ssatosarij
453 3341 675 3430 coenobio‚
697 3343 863 3447 iamque
877 3342 1065 3421 extremis
1090 3340 1292 3447 agonibus
1309 3341 1345 3425 se
1363 3368 1460 3451 prar-

214 3452 386 3560 parabat
403 3454 639 3561 P·Magister
655 3456 683 3533 F
697 3453 946 3561 Augustinus
961 3452 1014 3534 de
1032 3454 1146 3563 Vega
1157 3457 1463 3541 Ord.Prad.tr'rc

210 3564 483 3656 Prouincialis
503 3573 738 3652 Peruanua.
770 3567 1086 3651 conclamatum
1118 3571 1465 3673 erardevitaho·

210 3681 345 3770 minis,
362 3678 590 3767 eeffatuma
610 3682 854 3795 pharmacis,
867 3687 908 3765 δι
921 3680 972 3767 ab
989 3684 1182 3768 omnibus
1197 3685 1371 3771 Medicis
1386 3684 1460 3770 de-
1484 3702 1486 3709 '

210 3790 531 3885 sertusinfirntua
546 3850 567 3891 a
588 3795 670 3884 sola
682 3791 786 3885 Rosa
799 3792 859 3879 sui
874 3797 954 3881 ianr
969 3799 1011 3880 in
1025 3800 1211 3909 paradiso
1236 3795 1373 3886 secura
1387 3828 1461 3887 cu·

209 3917 449 4019 ratu-aegroti
466 3936 595 3999 totam
612 3919 652 4000 in
668 3906 706 3997 se
723 3911 941 3997 transtulit.
957 3913 1205 3999 Dormiebat
1219 3915 1363 4025 procul
1380 3912 1460 4001 suis

205 4023 426 4112 incudibus
457 4029 771 4138 Christophorus
795 4025 849 4109 de
883 4029 1034 4136 ortega
1053 4029 1178 4112 homo
1206 4028 1455 4118 secularitae

205 4137 377 4225 fortuna
393 4137 499 4227 infra
512 4141 828 4229 mediocrtahuic
848 4134 952 4223 Rosa
968 4148 1084 4226 node
1102 4143 1304 4227 concubia
1320 4143 1356 4229 se
1371 4147 1456 4231 cla·

205 4255 249 4341 ri
267 4255 461 4340 visibilem
481 4249 808 4357 obiiciumandat
826 4254 959 4364 priano
974 4257 1161 4342 diluculo
1176 4260 1451 4345 eoenobium

205 4369 661 4479 adeat‚Prouineialenr
680 4369 971 4459 moribundum
1002 4377 1236 4465 conueniat,
1250 4379 1461 4460 cidenun-

209 4487 318 4578 ciet,
332 4512 382 4568 ex
405 4489 481 4572 hac
496 4489 760 4600 quantumuis
776 4486 1283 4597 comploratainfirrnitate
1303 4499 1460 4602 nequa·

200 4627 325 4714 quarn
342 4599 470 4711 ipsum
487 4604 511 4690 ἑ
530 4604 636 4690 riuis
657 4601 859 4689 abiturum
873 4618 899 4692 ³·
916 4605 1024 4713 pribs
1054 4604 1113 4685 illi
1139 4599 1179 4687 su
1256 4602 1455 4716 piscopaii

200 4711 332 4799 infula
347 4716 539 4830 tantisper
557 4712 753 4805 sodidum
767 4713 856 4800 fore
872 4744 945 4824 pro
968 4722 1043 4801 Dei
1055 4720 1189 4825 gioria
1205 4743 1455 4830 ‚antequam

199 4829 519 4929 huiusmorruis
535 4840 625 4927 vire
635 4831 1030 5031 mdcffljatxuagu,
1059 4835 1136 4917 Hir
1155 4832 1275 4919 diuis
1292 4834 1454 5033 glpriq·
1482 4944 1484 4951 Ι

270 5002 276 5015 ·
1000 4970 1027 5030 ο
1086 4974 1112 5032 2
1365 4975 1389 5035 a
