3325 6509
367 940 462 1017 228

293 1064 455 1151 nedum
481 1063 600 1147 sernel
616 1059 832 1174 Quasloris
863 1057 1031 1169 coniugi
1057 1055 1305 1171 loquebatur
1325 1058 1529 1148 adstantes

293 1171 423 1268 Rosa,
442 1174 641 1288 veriusque
655 1174 910 1258 orationibus
925 1177 1178 1258 humiliter&
1192 1175 1310 1256 enixe
1320 1201 1531 1262 commen·

296 1294 422 1376 dabat
437 1291 548 1376 suum
565 1293 616 1373 ab
633 1296 707 1374 bac
719 1293 800 1374 vira
813 1288 1033 1379 transitum,
1044 1289 1255 1371 velnrante
1267 1292 1450 1397 proximi
1462 1319 1527 1376 an·

298 1411 339 1491 ni
352 1409 557 1490 Calendas
569 1404 740 1488 indubie
754 1404 1153 1489 futurumrexhorruit
1163 1402 1408 1490 Gundisalui
1423 1434 1527 1498 vxor,

298 1545 340 1606 at
353 1521 456 1604 Rosa
471 1525 619 1604 leniter
649 1517 884 1610 subridens,
907 1543 1167 1712 nequaquam
1197 1519 1326 1625 (rait)
1352 1526 1530 1607 miPater

300 1641 365 1719 luc
376 1663 505 1721 annus
522 1660 561 1719 re
573 1635 690 1717 nobis
706 1636 875 1742 cripiet,
889 1635 943 1715 ira
957 1634 1030 1713 tibi
1060 1657 1180 1714 ecura
1190 1628 1408 1741 spondeo.
1435 1637 1528 1723 [llo

297 1777 348 1833 ex
362 1751 530 1833 aduerso
544 1749 908 1832 contendebatrem
925 1745 1011 1830 fore
1030 1744 1300 1838 certissimam,
1331 1774 1411 1834 nec
1425 1753 1528 1835 aliud

301 1864 374 1949 fibi
387 1867 574 1945 accidere
595 1861 703 1972 poll'e
717 1859 905 1952 felicius,
933 1861 1057 1973 qualm
1074 1861 1235 1970 srpauld
1247 1864 1336 1970 poll
1351 1865 1527 1949 celebra·

298 2002 386 2062 tum
418 1975 540 2061 blrlsae
565 1976 796 2060 sacrificium
821 1977 1028 2059 iuberetur
1047 1970 1224 2083 spirirum
1253 1970 1528 2064 suoredderes

300 2096 488 2178 Creatori
500 2143 514 2183 ,
527 2093 567 2174 id
582 2119 703 2175 vnum
718 2090 756 2172 se
768 2091 954 2173 ardenter
966 2113 1130 2199 optare,
1143 2090 1228 2171 imo
1241 2097 1280 2172 dc
1294 2087 1528 2201 speiare.1n-

302 2214 432 2290 ualuit
443 2204 579 2289 senfim
592 2205 702 2315 apud
716 2208 913 2316 optimum
931 2211 1086 2287 Patrem
1103 2204 1281 2285 instantis
1302 2203 1360 2290 sui
1370 2212 1529 2293 termini

301 2344 502 2430 concepta
514 2323 668 2429 opinio,
680 2319 756 2402 vta
771 2320 964 2428 collegio
979 2319 1031 2400 ad
1057 2319 1345 2412 Nouitiarurn,
1370 2321 1436 2407 seu
1452 2331 1530 2519 Tp-

299 2462 447 2516 ronum
462 2435 716 2516 domicilium
730 2430 1327 2544 migransnonsocrjstantirm,
1351 2431 1472 2547 sedjp
1487 2464 1524 2520 rs

302 2574 476 2661 quoque
489 2550 718 2640 arboribus,
733 2553 875 2638 muris,
886 2551 999 2631 tedis
1012 2546 1261 2640 valedixerit,
1274 2550 1382 2635 velut
1396 2551 1519 2634 domr'r

304 2669 478 2773 priorem
496 2689 717 2774 numquam
731 2659 933 2745 reuisurus
943 2661 1223 2749 „cercebant
1247 2663 1404 2776 bec-pii
1413 2665 1523 2750 Gun-

300 2772 444 2856 dlsnlui
458 2781 700 2888 coniugem,
719 2800 974 2890 quatanrum
998 2772 1335 2864 suaeeonscienriae
1347 2782 1530 2864 modeta·

297 2908 431 2970 torem
442 2889 614 2976 dolebat
624 2892 858 3002 pramatu’rd
884 2900 1092 2981 amittere,
1116 2892 1284 3003 proinde
1296 2894 1338 2975 in
1353 2896 1529 2979 Rosam..

298 3003 486 3114 quotidie
500 3007 618 3088 anxia
633 3004 848 3115 respiciens
861 3006 1066 3116 querebat
1087 3007 1256 3098 millies,
1276 3032 1421 3090 verane
1451 3007 1531 3091 lint

297 3144 387 3227 qua
397 3117 718 3227 illa-praedixerat
728 3122 780 3201 de
794 3117 1052 3206 Confelsario
1078 3117 1146 3204 suo
1168 3120 1315 3200 diutius
1335 3115 1525 3228 superui·

292 3237 429 3315 strato.
443 3296 449 3315 ,
462 3231 636 3314 Vicissim
652 3233 800 3315 millies
821 3235 1009 3344 replicuit
1021 3239 1168 3345 Virgo,
1196 3240 1235 3316 dc
1252 3232 1522 3316 Marcoman,

293 3343 692 3430 iulsatsecuramelse.
723 3345 1521 3459 Nihilominusbaecnepidabanquoties

293 3463 418 3546 Millae
431 3459 484 3544 sui
498 3458 737 3560 Confclsarij
752 3467 950 3552 intererat,
964 3488 1147 3545 metuens
1159 3487 1207 3544 ne
1220 3462 1288 3543 ille
1300 3454 1356 3543 sui
1371 3461 1526 3545 deside·

295 3576 341 3671 cij
357 3603 530 3682 compos
544 3577 807 3658 illimcrbora
822 3586 981 3685 peraeto
1011 3574 1519 3660 sacrificiorbirereviuis.

292 3687 489 3795 Denique
501 3689 543 3767 in
556 3686 804 3772 sacratissimo
821 3696 960 3773 Diuini
976 3693 1139 3774 Natalis
1165 3691 1379 3802 peruigilio
1397 3690 1521 3772 dunt,

270 3794 715 3894 ¹bllatronaconselsura
730 3810 884 3886 Patrem
898 3807 1061 3897 adibat,
1088 3832 1159 3915 per
1173 3800 1295 3914 ipsam
1311 3801 1414 3886 Rosa
1432 3802 1519 3885 eid&

291 3912 855 4026 fignificari·iussrr,deponerer
873 3923 952 4002 iam
973 3922 1136 4004 tandem
1149 3914 1407 4003 inanissimam
1426 3921 1524 4000 vici·

292 4032 332 4106 ni
349 4023 405 4104 sui
420 4027 879 4138 obituspcrsuasronern,
890 4032 1081 4146 sciretque
1094 4032 1133 4116 se
1146 4033 1429 4142 grandioribus
1444 4031 1523 4112 Dei
1561 4096 1565 4103 .

294 4134 500 4245 obsequiis
518 4140 706 4227 rel'cruari
720 4176 803 4230 non
818 4154 1052 4232 moriturum
1069 4151 1315 4260 priusquam
1343 4144 1441 4230 foris
1454 4146 1524 4226 cfr·

294 4252 430 4362 plures
448 4256 600 4332 animas
618 4261 785 4364 operosa
799 4264 1112 4346 conuerfionein
1126 4267 1230 4344 viam
1245 4259 1378 4344 salutis
1394 4259 1523 4342 addu-

293 4371 416 4455 xerit,
430 4366 617 4474 interque
628 4371 716 4450 illas
734 4375 991 4480 peculiariter
1003 4382 1184 4460 eminere
1195 4378 1381 4488 quinque
1395 4381 1527 4482 praci-

296 4503 398 4588 ΡΜ
427 4480 935 4596 lqupollolatudignas,
959 4491 1529 4603 &verdNuminiadquiren·

293 4593 393 4675 das.
420 4595 513 4677 Hoc
530 4590 632 4675 Rosa
646 4601 801 4679 centies
813 4603 961 4688 rimidae
974 4608 1189 4706 Quaelloris
1210 4608 1376 4699 conium
1400 4605 1451 4687 ad
1467 4597 1528 4684 so·

293 4709 435 4792 latium
449 4676 707 4803 occ‘anrrrat,
730 4713 809 4795 hoc
822 4713 905 4825 ipse
919 4719 1083 4804 demum
1097 4744 1267 4804 euentus
1281 4694 1401 4832 plene}
1414 4744 1527 4802 conr·

294 4825 505 4920 probauit,
530 4848 620 4908 narn
634 4834 672 4913 &
690 4834 1066 4945 Paterpostllolam
1075 4838 1193 4920 annis
1215 4863 1367 4923 nouem
1391 4830 1527 4944 super·

657 4995 660 5003 ·
1341 4972 1473 5043 lllxlts
