<?xml version="1.0" encoding="UTF-8"?>
<!DOCTYPE html PUBLIC "-//W3C//DTD XHTML 1.0 Transitional//EN"
    "http://www.w3.org/TR/xhtml1/DTD/xhtml1-transitional.dtd">
<html xmlns="http://www.w3.org/1999/xhtml" xml:lang="en" lang="en">
 <head>
  <title>
</title>
<meta http-equiv="Content-Type" content="text/html;charset=utf-8" />
  <meta name='ocr-system' content='tesseract 3.04.00' />
  <meta name='ocr-capabilities' content='ocr_page ocr_carea ocr_par ocr_line ocrx_word'/>
</head>
<body>
  <div class='ocr_page' id='page_1' title='image "./vitamirabiliset00florgoog_0280.png"; bbox 0 0 3325 6509; ppageno 0'>
   <div class='ocr_carea' id='block_1_1' title="bbox 199 874 1477 4796">
    <p class='ocr_par' dir='ltr' id='par_1_1' title="bbox 211 874 1477 2737">
     <span class='ocr_line' id='line_1_1' title="bbox 1270 874 1342 974; baseline 0.069 -5"><span class='ocrx_word' id='word_1_1' title='bbox 1270 874 1342 974; x_wconf 89' lang='lat'>26</span> 
     </span>
     <span class='ocr_line' id='line_1_2' title="bbox 220 904 1477 1130; baseline 0.005 -29"><span class='ocrx_word' id='word_1_2' title='bbox 220 1015 425 1127; x_wconf 82' lang='lat' dir='ltr'>utrimque</span> <span class='ocrx_word' id='word_1_3' title='bbox 441 1014 690 1130; x_wconf 88' lang='lat' dir='ltr'>portantium</span> <span class='ocrx_word' id='word_1_4' title='bbox 718 1008 1182 1101; x_wconf 83' lang='lat' dir='ltr'>latetaExcelltntillimi</span> <span class='ocrx_word' id='word_1_5' title='bbox 1202 904 1477 1127; x_wconf 55' lang='lat' dir='ltr'>Protegitur-</span> 
     </span>
     <span class='ocr_line' id='line_1_3' title="bbox 221 1125 1476 1246; baseline 0.002 -33"><span class='ocrx_word' id='word_1_6' title='bbox 221 1136 322 1215; x_wconf 91' lang='lat' dir='ltr'>mati</span> <span class='ocrx_word' id='word_1_7' title='bbox 336 1136 572 1246; x_wconf 70' lang='lat' dir='ltr'>stipatores,</span> <span class='ocrx_word' id='word_1_8' title='bbox 594 1154 740 1216; x_wconf 83' lang='lat' dir='ltr'>tumet</span> <span class='ocrx_word' id='word_1_9' title='bbox 773 1125 1022 1243; x_wconf 82' lang='lat' dir='ltr'>perdensam</span> <span class='ocrx_word' id='word_1_10' title='bbox 1044 1127 1353 1213; x_wconf 84' lang='lat' dir='ltr'>multitudinem</span> <span class='ocrx_word' id='word_1_11' title='bbox 1372 1137 1420 1216; x_wconf 90' lang='lat' dir='ltr'>vi</span> <span class='ocrx_word' id='word_1_12' title='bbox 1434 1143 1476 1223; x_wconf 69' lang='lat' dir='ltr'>ut</span> 
     </span>
     <span class='ocr_line' id='line_1_4' title="bbox 219 1242 1470 1353; baseline 0 -24"><span class='ocrx_word' id='word_1_13' title='bbox 219 1246 399 1334; x_wconf 87' lang='lat' dir='ltr'>clamore</span> <span class='ocrx_word' id='word_1_14' title='bbox 410 1251 591 1332; x_wconf 79' lang='lat' dir='ltr'>laxarent</span> <span class='ocrx_word' id='word_1_15' title='bbox 607 1250 717 1338; x_wconf 82' lang='lat' dir='ltr'>uias,</span> <span class='ocrx_word' id='word_1_16' title='bbox 739 1269 826 1331; x_wconf 88' lang='lat' dir='ltr'>tum</span> <span class='ocrx_word' id='word_1_17' title='bbox 842 1246 940 1330; x_wconf 85' lang='lat' dir='ltr'>vetd</span> <span class='ocrx_word' id='word_1_18' title='bbox 953 1266 993 1329; x_wconf 90' lang='lat' dir='ltr'>vt</span> <span class='ocrx_word' id='word_1_19' title='bbox 1005 1243 1030 1329; x_wconf 78' lang='lat' dir='ltr'>ai</span> <span class='ocrx_word' id='word_1_20' title='bbox 1041 1242 1196 1327; x_wconf 90' lang='lat' dir='ltr'>deuota</span> <span class='ocrx_word' id='word_1_21' title='bbox 1210 1248 1470 1353; x_wconf 70' lang='lat' dir='ltr'>rapacitate,</span> 
     </span>
     <span class='ocr_line' id='line_1_5' title="bbox 220 1356 1472 1475; baseline 0.004 -32"><span class='ocrx_word' id='word_1_22' title='bbox 220 1366 368 1474; x_wconf 93' lang='lat' dir='ltr'>populi</span> <span class='ocrx_word' id='word_1_23' title='bbox 382 1364 578 1475; x_wconf 88' lang='lat' dir='ltr'>reliquias</span> <span class='ocrx_word' id='word_1_24' title='bbox 591 1356 794 1473; x_wconf 80' lang='lat' dir='ltr'>poscentis</span> <span class='ocrx_word' id='word_1_25' title='bbox 814 1382 1076 1474; x_wconf 83' lang='lat' dir='ltr'>protegerent</span> <span class='ocrx_word' id='word_1_26' title='bbox 1092 1358 1320 1468; x_wconf 85' lang='lat' dir='ltr'>virgineum</span> <span class='ocrx_word' id='word_1_27' title='bbox 1343 1363 1472 1449; x_wconf 88' lang='lat' dir='ltr'>cada-</span> 
     </span>
     <span class='ocr_line' id='line_1_6' title="bbox 221 1470 1468 1589; baseline 0.003 -31"><span class='ocrx_word' id='word_1_28' title='bbox 221 1503 400 1569; x_wconf 77' lang='lat' dir='ltr'>ueonam</span> <span class='ocrx_word' id='word_1_29' title='bbox 415 1502 458 1563; x_wconf 85' lang='lat' dir='ltr'>ut</span> <span class='ocrx_word' id='word_1_30' title='bbox 470 1478 616 1589; x_wconf 87' lang='lat' dir='ltr'>singuli</span> <span class='ocrx_word' id='word_1_31' title='bbox 630 1478 742 1559; x_wconf 91' lang='lat' dir='ltr'>velut</span> <span class='ocrx_word' id='word_1_32' title='bbox 758 1478 800 1559; x_wconf 91' lang='lat' dir='ltr'>in</span> <span class='ocrx_word' id='word_1_33' title='bbox 812 1478 991 1559; x_wconf 84' lang='lat' dir='ltr'>tumultu</span> <span class='ocrx_word' id='word_1_34' title='bbox 1008 1470 1154 1556; x_wconf 86' lang='lat' dir='ltr'>Rosam</span> <span class='ocrx_word' id='word_1_35' title='bbox 1170 1474 1468 1563; x_wconf 87' lang='lat' dir='ltr'>acclamabant</span> 
     </span>
     <span class='ocr_line' id='line_1_7' title="bbox 219 1583 1472 1699; baseline 0.004 -27"><span class='ocrx_word' id='word_1_36' title='bbox 219 1594 470 1685; x_wconf 59' lang='lat' dir='ltr'>Sanciamita</span> <span class='ocrx_word' id='word_1_37' title='bbox 486 1593 753 1677; x_wconf 80' lang='lat' dir='ltr'>violentiores</span> <span class='ocrx_word' id='word_1_38' title='bbox 764 1618 813 1673; x_wconf 90' lang='lat' dir='ltr'>ac</span> <span class='ocrx_word' id='word_1_39' title='bbox 826 1592 1068 1675; x_wconf 86' lang='lat' dir='ltr'>valentiores</span> <span class='ocrx_word' id='word_1_40' title='bbox 1082 1583 1218 1699; x_wconf 75' lang='lat' dir='ltr'>passm</span> <span class='ocrx_word' id='word_1_41' title='bbox 1233 1591 1386 1675; x_wconf 88' lang='lat' dir='ltr'>inhiab</span> <span class='ocrx_word' id='word_1_42' title='bbox 1400 1616 1472 1677; x_wconf 88' lang='lat' dir='ltr'>ant</span> 
     </span>
     <span class='ocr_line' id='line_1_8' title="bbox 214 1698 1465 1820; baseline 0.007 -36"><span class='ocrx_word' id='word_1_43' title='bbox 214 1698 555 1820; x_wconf 78' lang='lat' dir='ltr'>sandaptlaeauidi</span> <span class='ocrx_word' id='word_1_44' title='bbox 571 1710 779 1819; x_wconf 87' lang='lat' dir='ltr'>paratique</span> <span class='ocrx_word' id='word_1_45' title='bbox 792 1705 888 1789; x_wconf 91' lang='lat' dir='ltr'>inde</span> <span class='ocrx_word' id='word_1_46' title='bbox 904 1702 1123 1814; x_wconf 81' lang='lat' dir='ltr'>decerpere</span> <span class='ocrx_word' id='word_1_47' title='bbox 1140 1706 1348 1816; x_wconf 91' lang='lat' dir='ltr'>quidquid</span> <span class='ocrx_word' id='word_1_48' title='bbox 1369 1704 1465 1817; x_wconf 91' lang='lat' dir='ltr'>pos·</span> 
     </span>
     <span class='ocr_line' id='line_1_9' title="bbox 217 1816 1461 1933; baseline 0.005 -30"><span class='ocrx_word' id='word_1_49' title='bbox 217 1816 332 1915; x_wconf 84' lang='lat' dir='ltr'>sent,</span> <span class='ocrx_word' id='word_1_50' title='bbox 360 1820 660 1907; x_wconf 81' lang='lat' dir='ltr'>nlnastatorum</span> <span class='ocrx_word' id='word_1_51' title='bbox 673 1823 873 1931; x_wconf 75' lang='lat' dir='ltr'>bipennes</span> <span class='ocrx_word' id='word_1_52' title='bbox 898 1816 1010 1933; x_wconf 84' lang='lat' dir='ltr'>quali</span> <span class='ocrx_word' id='word_1_53' title='bbox 1039 1818 1170 1927; x_wconf 89' lang='lat' dir='ltr'>sepem</span> <span class='ocrx_word' id='word_1_54' title='bbox 1190 1817 1461 1909; x_wconf 74' lang='lat' dir='ltr'>obiecissent·</span> 
     </span>
     <span class='ocr_line' id='line_1_10' title="bbox 216 1931 1460 2049; baseline 0.002 -30"><span class='ocrx_word' id='word_1_55' title='bbox 216 1935 652 2049; x_wconf 76' lang='lat' dir='ltr'>Certisreupidiffimae</span> <span class='ocrx_word' id='word_1_56' title='bbox 664 1938 758 2019; x_wconf 91' lang='lat' dir='ltr'>huic</span> <span class='ocrx_word' id='word_1_57' title='bbox 773 1936 896 2021; x_wconf 85' lang='lat' dir='ltr'>turbae</span> <span class='ocrx_word' id='word_1_58' title='bbox 910 1935 1027 2046; x_wconf 91' lang='lat' dir='ltr'>quod</span> <span class='ocrx_word' id='word_1_59' title='bbox 1040 1933 1162 2015; x_wconf 82' lang='lat' dir='ltr'>libuit</span> <span class='ocrx_word' id='word_1_60' title='bbox 1178 1931 1460 2047; x_wconf 64' lang='lat' dir='ltr'>licuissempe·</span> 
     </span>
     <span class='ocr_line' id='line_1_11' title="bbox 217 2047 1460 2160; baseline 0.002 -23"><span class='ocrx_word' id='word_1_61' title='bbox 217 2052 391 2137; x_wconf 82' lang='lat' dir='ltr'>ticulum</span> <span class='ocrx_word' id='word_1_62' title='bbox 405 2078 490 2137; x_wconf 88' lang='lat' dir='ltr'>erat</span> <span class='ocrx_word' id='word_1_63' title='bbox 500 2076 550 2135; x_wconf 92' lang='lat' dir='ltr'>nc</span> <span class='ocrx_word' id='word_1_64' title='bbox 563 2051 658 2137; x_wconf 87' lang='lat' dir='ltr'>sacri</span> <span class='ocrx_word' id='word_1_65' title='bbox 668 2047 901 2160; x_wconf 90' lang='lat' dir='ltr'>corpusculi</span> <span class='ocrx_word' id='word_1_66' title='bbox 917 2075 1008 2159; x_wconf 85' lang='lat' dir='ltr'>pars</span> <span class='ocrx_word' id='word_1_67' title='bbox 1024 2047 1189 2131; x_wconf 90' lang='lat' dir='ltr'>modica</span> <span class='ocrx_word' id='word_1_68' title='bbox 1225 2074 1297 2134; x_wconf 82' lang='lat' dir='ltr'>aut</span> <span class='ocrx_word' id='word_1_69' title='bbox 1311 2052 1460 2139; x_wconf 71' lang='lat' dir='ltr'>nullu</span> 
     </span>
     <span class='ocr_line' id='line_1_12' title="bbox 216 2162 1452 2279; baseline 0 -30"><span class='ocrx_word' id='word_1_70' title='bbox 216 2168 272 2249; x_wconf 88' lang='lat' dir='ltr'>ad</span> <span class='ocrx_word' id='word_1_71' title='bbox 282 2168 501 2277; x_wconf 69' lang='lat' dir='ltr'>Templum</span> <span class='ocrx_word' id='word_1_72' title='bbox 516 2168 749 2279; x_wconf 86' lang='lat' dir='ltr'>perueniret</span> <span class='ocrx_word' id='word_1_73' title='bbox 764 2222 776 2246; x_wconf 86' lang='lat'><strong>.</strong></span> <span class='ocrx_word' id='word_1_74' title='bbox 790 2168 883 2247; x_wconf 89' lang='lat' dir='ltr'>Nec</span> <span class='ocrx_word' id='word_1_75' title='bbox 895 2184 1032 2249; x_wconf 89' lang='lat' dir='ltr'>tamen</span> <span class='ocrx_word' id='word_1_76' title='bbox 1049 2162 1121 2246; x_wconf 86' lang='lat' dir='ltr'>litb</span> <span class='ocrx_word' id='word_1_77' title='bbox 1134 2185 1216 2245; x_wconf 86' lang='lat' dir='ltr'>tam</span> <span class='ocrx_word' id='word_1_78' title='bbox 1235 2168 1351 2275; x_wconf 87' lang='lat' dir='ltr'>vigili</span> <span class='ocrx_word' id='word_1_79' title='bbox 1369 2163 1452 2249; x_wconf 87' lang='lat' dir='ltr'>ser·</span> 
     </span>
     <span class='ocr_line' id='line_1_13' title="bbox 213 2276 1449 2393; baseline 0.002 -33"><span class='ocrx_word' id='word_1_80' title='bbox 213 2284 560 2393; x_wconf 73' lang='lat' dir='ltr'>reaquecustodia</span> <span class='ocrx_word' id='word_1_81' title='bbox 576 2282 708 2365; x_wconf 86' lang='lat' dir='ltr'>caueri</span> <span class='ocrx_word' id='word_1_82' title='bbox 724 2281 884 2392; x_wconf 82' lang='lat' dir='ltr'>potuit,</span> <span class='ocrx_word' id='word_1_83' title='bbox 911 2306 961 2362; x_wconf 92' lang='lat' dir='ltr'>ne</span> <span class='ocrx_word' id='word_1_84' title='bbox 980 2279 1048 2360; x_wconf 89' lang='lat' dir='ltr'>vbi</span> <span class='ocrx_word' id='word_1_85' title='bbox 1066 2276 1119 2361; x_wconf 84' lang='lat' dir='ltr'>ad</span> <span class='ocrx_word' id='word_1_86' title='bbox 1138 2278 1292 2363; x_wconf 78' lang='lat' dir='ltr'>Valuas</span> <span class='ocrx_word' id='word_1_87' title='bbox 1307 2282 1449 2363; x_wconf 87' lang='lat' dir='ltr'>Eccle-</span> 
     </span>
     <span class='ocr_line' id='line_1_14' title="bbox 215 2392 1455 2505; baseline 0.001 -27"><span class='ocrx_word' id='word_1_88' title='bbox 215 2392 275 2481; x_wconf 87' lang='lat' dir='ltr'>stae</span> <span class='ocrx_word' id='word_1_89' title='bbox 284 2422 450 2481; x_wconf 82' lang='lat' dir='ltr'>ventum</span> <span class='ocrx_word' id='word_1_90' title='bbox 465 2394 743 2485; x_wconf 81' lang='lat' dir='ltr'>eli‚cadaueri</span> <span class='ocrx_word' id='word_1_91' title='bbox 760 2394 1073 2504; x_wconf 78' lang='lat' dir='ltr'>partesueliium</span> <span class='ocrx_word' id='word_1_92' title='bbox 1090 2448 1097 2470; x_wconf 85' lang='lat'>.</span> <span class='ocrx_word' id='word_1_93' title='bbox 1129 2417 1296 2485; x_wconf 79' lang='lat' dir='ltr'>corona,</span> <span class='ocrx_word' id='word_1_94' title='bbox 1314 2400 1354 2480; x_wconf 78' lang='grc' dir='ltr'>δι</span> <span class='ocrx_word' id='word_1_95' title='bbox 1367 2396 1455 2505; x_wconf 86' lang='lat' dir='ltr'>pal·¹</span> 
     </span>
     <span class='ocr_line' id='line_1_15' title="bbox 211 2504 1464 2623; baseline 0.001 -26"><span class='ocrx_word' id='word_1_96' title='bbox 211 2534 281 2597; x_wconf 77' lang='lat' dir='ltr'>ma</span> <span class='ocrx_word' id='word_1_97' title='bbox 293 2511 427 2596; x_wconf 86' lang='lat' dir='ltr'>deelle</span> <span class='ocrx_word' id='word_1_98' title='bbox 440 2536 688 2603; x_wconf 66' lang='lat' dir='ltr'>notarentur,</span> <span class='ocrx_word' id='word_1_99' title='bbox 698 2509 939 2623; x_wconf 84' lang='lat' dir='ltr'>ibidemque</span> <span class='ocrx_word' id='word_1_100' title='bbox 954 2535 1029 2621; x_wconf 89' lang='lat' dir='ltr'>pro</span> <span class='ocrx_word' id='word_1_101' title='bbox 1043 2507 1193 2590; x_wconf 81' lang='lat' dir='ltr'>ablatis</span> <span class='ocrx_word' id='word_1_102' title='bbox 1210 2509 1293 2595; x_wconf 82' lang='lat' dir='ltr'>alia</span> <span class='ocrx_word' id='word_1_103' title='bbox 1309 2504 1464 2598; x_wconf 85' lang='lat' dir='ltr'>fuerint</span> 
     </span>
     <span class='ocr_line' id='line_1_16' title="bbox 216 2629 767 2737; baseline 0.013 -31"><span class='ocrx_word' id='word_1_104' title='bbox 216 2629 480 2737; x_wconf 84' lang='lat' dir='ltr'>reponenda.</span> <span class='ocrx_word' id='word_1_105' title='bbox 729 2700 732 2705; x_wconf 93' lang='lat'>.</span> <span class='ocrx_word' id='word_1_106' title='bbox 763 2670 767 2675; x_wconf 96' lang='lat'>·</span> 
     </span>
    </p>

    <p class='ocr_par' dir='ltr' id='par_1_2' title="bbox 199 2738 1456 4796">
     <span class='ocr_line' id='line_1_17' title="bbox 302 2738 1456 2859; baseline 0.005 -34"><span class='ocrx_word' id='word_1_107' title='bbox 302 2748 411 2826; x_wconf 89' lang='lat' dir='ltr'>Dum</span> <span class='ocrx_word' id='word_1_108' title='bbox 427 2749 468 2829; x_wconf 89' lang='lat' dir='ltr'>in</span> <span class='ocrx_word' id='word_1_109' title='bbox 481 2746 644 2859; x_wconf 89' lang='lat' dir='ltr'>Templi</span> <span class='ocrx_word' id='word_1_110' title='bbox 655 2745 798 2831; x_wconf 91' lang='lat' dir='ltr'>limine</span> <span class='ocrx_word' id='word_1_111' title='bbox 813 2750 842 2850; x_wconf 76' lang='lat'>(3</span> <span class='ocrx_word' id='word_1_112' title='bbox 859 2742 974 2859; x_wconf 91' lang='lat' dir='ltr'>quod</span> <span class='ocrx_word' id='word_1_113' title='bbox 994 2738 1098 2832; x_wconf 86' lang='lat' dir='ltr'>Rosa</span> <span class='ocrx_word' id='word_1_114' title='bbox 1110 2742 1248 2830; x_wconf 88' lang='lat' dir='ltr'>adhuc</span> <span class='ocrx_word' id='word_1_115' title='bbox 1268 2745 1456 2832; x_wconf 79' lang='lat' dir='ltr'>mortalis</span> 
     </span>
     <span class='ocr_line' id='line_1_18' title="bbox 204 2850 1454 2970; baseline 0.01 -36"><span class='ocrx_word' id='word_1_116' title='bbox 204 2872 291 2935; x_wconf 89' lang='lat' dir='ltr'>tam</span> <span class='ocrx_word' id='word_1_117' title='bbox 307 2850 624 2943; x_wconf 82' lang='lat' dir='ltr'>seduldtriuerat</span> <span class='ocrx_word' id='word_1_118' title='bbox 634 2874 652 2964; x_wconf 84' lang='grc'><strong><em>)</em></strong></span> <span class='ocrx_word' id='word_1_119' title='bbox 672 2886 832 2945; x_wconf 87' lang='lat' dir='ltr'>mortua</span> <span class='ocrx_word' id='word_1_120' title='bbox 847 2863 1050 2945; x_wconf 82' lang='lat' dir='ltr'>saliebatur</span> <span class='ocrx_word' id='word_1_121' title='bbox 1065 2911 1079 2953; x_wconf 87' lang='lat'>,</span> <span class='ocrx_word' id='word_1_122' title='bbox 1093 2862 1146 2946; x_wconf 91' lang='lat' dir='ltr'>ad</span> <span class='ocrx_word' id='word_1_123' title='bbox 1177 2854 1454 2970; x_wconf 80' lang='lat' dir='ltr'>aspetfionem</span> 
     </span>
     <span class='ocr_line' id='line_1_19' title="bbox 205 2965 1453 3085; baseline 0.011 -39"><span class='ocrx_word' id='word_1_124' title='bbox 205 2965 377 3054; x_wconf 83' lang='lat' dir='ltr'>lustralis</span> <span class='ocrx_word' id='word_1_125' title='bbox 390 2998 496 3085; x_wconf 71' lang='lat' dir='ltr'>aque</span> <span class='ocrx_word' id='word_1_126' title='bbox 512 2967 753 3085; x_wconf 88' lang='lat' dir='ltr'>quibusdam</span> <span class='ocrx_word' id='word_1_127' title='bbox 766 2974 978 3058; x_wconf 87' lang='lat' dir='ltr'>videbatur</span> <span class='ocrx_word' id='word_1_128' title='bbox 997 3000 1107 3058; x_wconf 89' lang='lat' dir='ltr'>noua</span> <span class='ocrx_word' id='word_1_129' title='bbox 1126 2969 1368 3058; x_wconf 90' lang='lat' dir='ltr'>hilarescere</span> <span class='ocrx_word' id='word_1_130' title='bbox 1388 2980 1453 3060; x_wconf 88' lang='lat' dir='ltr'>iu·</span> 
     </span>
     <span class='ocr_line' id='line_1_20' title="bbox 206 3084 1451 3198; baseline 0.01 -35"><span class='ocrx_word' id='word_1_131' title='bbox 206 3084 414 3170; x_wconf 86' lang='lat' dir='ltr'>ounditate</span> <span class='ocrx_word' id='word_1_132' title='bbox 429 3091 608 3198; x_wconf 82' lang='lat' dir='ltr'>virginea</span> <span class='ocrx_word' id='word_1_133' title='bbox 622 3084 750 3173; x_wconf 81' lang='lat' dir='ltr'>facies</span> <span class='ocrx_word' id='word_1_134' title='bbox 765 3090 777 3172; x_wconf 89' lang='lat' dir='ltr'>i</span> <span class='ocrx_word' id='word_1_135' title='bbox 782 3116 806 3171; x_wconf 90' lang='lat' dir='ltr'>n</span> <span class='ocrx_word' id='word_1_136' title='bbox 819 3095 946 3173; x_wconf 88' lang='lat' dir='ltr'>niueo</span> <span class='ocrx_word' id='word_1_137' title='bbox 962 3089 1044 3172; x_wconf 92' lang='lat' dir='ltr'>veli</span> <span class='ocrx_word' id='word_1_138' title='bbox 1056 3089 1235 3174; x_wconf 88' lang='lat' dir='ltr'>candore</span> <span class='ocrx_word' id='word_1_139' title='bbox 1251 3085 1451 3179; x_wconf 60' lang='lat' dir='ltr'>roseaain·¹</span> 
     </span>
     <span class='ocr_line' id='line_1_21' title="bbox 203 3197 1446 3311; baseline 0.006 -32"><span class='ocrx_word' id='word_1_140' title='bbox 203 3218 288 3307; x_wconf 90' lang='lat' dir='ltr'>que</span> <span class='ocrx_word' id='word_1_141' title='bbox 299 3200 486 3311; x_wconf 80' lang='lat' dir='ltr'>purissimi</span> <span class='ocrx_word' id='word_1_142' title='bbox 497 3206 665 3287; x_wconf 71' lang='lat' dir='ltr'>amicius</span> <span class='ocrx_word' id='word_1_143' title='bbox 681 3200 807 3287; x_wconf 84' lang='lat' dir='ltr'>nitida</span> <span class='ocrx_word' id='word_1_144' title='bbox 823 3197 1030 3287; x_wconf 88' lang='lat' dir='ltr'>serenitate</span> <span class='ocrx_word' id='word_1_145' title='bbox 1057 3198 1305 3294; x_wconf 74' lang='lat' dir='ltr'>formosot,</span> <span class='ocrx_word' id='word_1_146' title='bbox 1326 3205 1446 3288; x_wconf 90' lang='lat' dir='ltr'>collo</span> 
     </span>
     <span class='ocr_line' id='line_1_22' title="bbox 203 3318 1448 3425; baseline 0.006 -34"><span class='ocrx_word' id='word_1_147' title='bbox 203 3318 751 3425; x_wconf 81' lang='lat' dir='ltr'>totoqueeotporeflexilis‚</span> <span class='ocrx_word' id='word_1_148' title='bbox 779 3341 939 3425; x_wconf 86' lang='lat' dir='ltr'>vtpene</span> <span class='ocrx_word' id='word_1_149' title='bbox 953 3318 1268 3400; x_wconf 82' lang='lat' dir='ltr'>exclamaretur:</span> <span class='ocrx_word' id='word_1_150' title='bbox 1299 3346 1378 3399; x_wconf 77' lang='lat' dir='ltr'>nan</span> <span class='ocrx_word' id='word_1_151' title='bbox 1397 3321 1448 3425; x_wconf 74' lang='lat' dir='ltr'>est</span> 
     </span>
     <span class='ocr_line' id='line_1_23' title="bbox 205 3428 1444 3539; baseline 0.007 -35"><span class='ocrx_word' id='word_1_152' title='bbox 205 3453 354 3505; x_wconf 78' lang='lat' dir='ltr'>mortua</span> <span class='ocrx_word' id='word_1_153' title='bbox 366 3434 494 3539; x_wconf 78' lang='lat' dir='ltr'>puella</span> <span class='ocrx_word' id='word_1_154' title='bbox 511 3428 600 3531; x_wconf 74' lang='lat' dir='ltr'>,fed</span> <span class='ocrx_word' id='word_1_155' title='bbox 611 3429 778 3510; x_wconf 75' lang='lat' dir='ltr'>dormit.</span> <span class='ocrx_word' id='word_1_156' title='bbox 803 3428 965 3510; x_wconf 88' lang='lat' dir='ltr'>illatam</span> <span class='ocrx_word' id='word_1_157' title='bbox 982 3428 1145 3512; x_wconf 89' lang='lat' dir='ltr'>Sacello</span> <span class='ocrx_word' id='word_1_158' title='bbox 1160 3430 1307 3511; x_wconf 87' lang='lat' dir='ltr'>maiori</span> <span class='ocrx_word' id='word_1_159' title='bbox 1323 3456 1444 3513; x_wconf 78' lang='lat' dir='ltr'>exce·</span> 
     </span>
     <span class='ocr_line' id='line_1_24' title="bbox 204 3536 1448 3649; baseline 0.01 -33"><span class='ocrx_word' id='word_1_160' title='bbox 204 3538 268 3645; x_wconf 91' lang='lat' dir='ltr'>pit</span> <span class='ocrx_word' id='word_1_161' title='bbox 281 3542 461 3624; x_wconf 89' lang='lat' dir='ltr'>tumulus</span> <span class='ocrx_word' id='word_1_162' title='bbox 477 3540 674 3649; x_wconf 87' lang='lat' dir='ltr'>gradatim</span> <span class='ocrx_word' id='word_1_163' title='bbox 690 3536 713 3622; x_wconf 83' lang='lat' dir='ltr'>ai</span> <span class='ocrx_word' id='word_1_164' title='bbox 729 3546 963 3649; x_wconf 90' lang='lat' dir='ltr'>pauimento</span> <span class='ocrx_word' id='word_1_165' title='bbox 980 3542 1163 3625; x_wconf 86' lang='lat' dir='ltr'>eleuatus</span> <span class='ocrx_word' id='word_1_166' title='bbox 1177 3591 1192 3635; x_wconf 79' lang='lat'>‚</span> <span class='ocrx_word' id='word_1_167' title='bbox 1208 3563 1249 3623; x_wconf 91' lang='lat' dir='ltr'>at</span> <span class='ocrx_word' id='word_1_168' title='bbox 1259 3540 1448 3628; x_wconf 86' lang='lat' dir='ltr'>illustrio-</span> 
     </span>
     <span class='ocr_line' id='line_1_25' title="bbox 208 3652 1448 3767; baseline 0.01 -36"><span class='ocrx_word' id='word_1_169' title='bbox 208 3655 238 3735; x_wconf 89' lang='lat' dir='ltr'>ri</span> <span class='ocrx_word' id='word_1_170' title='bbox 254 3653 410 3737; x_wconf 86' lang='lat' dir='ltr'>ostento</span> <span class='ocrx_word' id='word_1_171' title='bbox 423 3658 576 3737; x_wconf 86' lang='lat' dir='ltr'>ibidem</span> <span class='ocrx_word' id='word_1_172' title='bbox 592 3659 719 3763; x_wconf 87' lang='lat' dir='ltr'>Virgo</span> <span class='ocrx_word' id='word_1_173' title='bbox 736 3658 912 3765; x_wconf 86' lang='lat' dir='ltr'>Deipara</span> <span class='ocrx_word' id='word_1_174' title='bbox 927 3655 1141 3740; x_wconf 89' lang='lat' dir='ltr'>videbatur</span> <span class='ocrx_word' id='word_1_175' title='bbox 1154 3652 1351 3767; x_wconf 81' lang='lat' dir='ltr'>excepisse</span> <span class='ocrx_word' id='word_1_176' title='bbox 1364 3658 1448 3743; x_wconf 90' lang='lat' dir='ltr'>Ro-</span> 
     </span>
     <span class='ocr_line' id='line_1_26' title="bbox 204 3759 1445 3881; baseline 0.008 -34"><span class='ocrx_word' id='word_1_177' title='bbox 204 3759 285 3848; x_wconf 88' lang='lat' dir='ltr'>sam</span> <span class='ocrx_word' id='word_1_178' title='bbox 302 3762 438 3861; x_wconf 83' lang='lat' dir='ltr'>suam‚</span> <span class='ocrx_word' id='word_1_179' title='bbox 459 3796 553 3853; x_wconf 87' lang='lat' dir='ltr'>nam</span> <span class='ocrx_word' id='word_1_180' title='bbox 570 3764 640 3851; x_wconf 91' lang='lat' dir='ltr'>sub</span> <span class='ocrx_word' id='word_1_181' title='bbox 653 3774 704 3857; x_wconf 80' lang='lat' dir='ltr'>its</span> <span class='ocrx_word' id='word_1_182' title='bbox 717 3766 801 3852; x_wconf 76' lang='lat' dir='ltr'>fere</span> <span class='ocrx_word' id='word_1_183' title='bbox 818 3770 1001 3853; x_wconf 88' lang='lat' dir='ltr'>motibus</span> <span class='ocrx_word' id='word_1_184' title='bbox 1016 3773 1057 3851; x_wconf 93' lang='lat' dir='ltr'>in</span> <span class='ocrx_word' id='word_1_185' title='bbox 1073 3773 1155 3851; x_wconf 87' lang='lat' dir='ltr'>alio</span> <span class='ocrx_word' id='word_1_186' title='bbox 1174 3771 1332 3853; x_wconf 90' lang='lat' dir='ltr'>Sacello</span> <span class='ocrx_word' id='word_1_187' title='bbox 1350 3798 1445 3881; x_wconf 86' lang='lat' dir='ltr'>pro·</span> 
     </span>
     <span class='ocr_line' id='line_1_27' title="bbox 203 3879 1443 3995; baseline 0.01 -34"><span class='ocrx_word' id='word_1_188' title='bbox 203 3879 367 3989; x_wconf 84' lang='lat' dir='ltr'>digiosae</span> <span class='ocrx_word' id='word_1_189' title='bbox 381 3887 572 3995; x_wconf 84' lang='lat' dir='ltr'>Imaginis</span> <span class='ocrx_word' id='word_1_190' title='bbox 588 3890 652 3966; x_wconf 89' lang='lat' dir='ltr'>cui</span> <span class='ocrx_word' id='word_1_191' title='bbox 666 3884 690 3963; x_wconf 88' lang='lat' dir='ltr'>:i</span> <span class='ocrx_word' id='word_1_192' title='bbox 704 3880 871 3967; x_wconf 85' lang='lat' dir='ltr'>Rosario</span> <span class='ocrx_word' id='word_1_193' title='bbox 888 3910 1039 3967; x_wconf 92' lang='lat' dir='ltr'>nomen</span> <span class='ocrx_word' id='word_1_194' title='bbox 1054 3885 1291 3993; x_wconf 58' lang='lat' dir='ltr'>elirtepente</span> <span class='ocrx_word' id='word_1_195' title='bbox 1310 3882 1443 3995; x_wconf 89' lang='lat' dir='ltr'>splen·</span> 
     </span>
     <span class='ocr_line' id='line_1_28' title="bbox 200 3990 1439 4109; baseline 0.005 -32"><span class='ocrx_word' id='word_1_196' title='bbox 200 3996 324 4081; x_wconf 83' lang='lat' dir='ltr'>didus</span> <span class='ocrx_word' id='word_1_197' title='bbox 346 4000 481 4080; x_wconf 81' lang='lat' dir='ltr'>vultos</span> <span class='ocrx_word' id='word_1_198' title='bbox 501 3998 644 4081; x_wconf 89' lang='lat' dir='ltr'>micuit</span> <span class='ocrx_word' id='word_1_199' title='bbox 657 3990 897 4106; x_wconf 66' lang='lat' dir='ltr'>speditibus</span> <span class='ocrx_word' id='word_1_200' title='bbox 915 4002 1172 4109; x_wconf 85' lang='lat' dir='ltr'>qutproptits</span> <span class='ocrx_word' id='word_1_201' title='bbox 1203 3999 1439 4085; x_wconf 87' lang='lat' dir='ltr'>adstiterant</span> 
     </span>
     <span class='ocr_line' id='line_1_29' title="bbox 202 4112 1443 4222; baseline 0.001 -29"><span class='ocrx_word' id='word_1_202' title='bbox 202 4112 421 4196; x_wconf 79' lang='lat' dir='ltr'>uniuersas.</span> <span class='ocrx_word' id='word_1_203' title='bbox 438 4116 537 4194; x_wconf 82' lang='lat' dir='ltr'>Mox</span> <span class='ocrx_word' id='word_1_204' title='bbox 549 4112 599 4192; x_wconf 80' lang='lat' dir='ltr'>eo</span> <span class='ocrx_word' id='word_1_205' title='bbox 616 4114 812 4195; x_wconf 81' lang='lat' dir='ltr'>confluxit</span> <span class='ocrx_word' id='word_1_206' title='bbox 824 4136 980 4193; x_wconf 88' lang='lat' dir='ltr'>torrens</span> <span class='ocrx_word' id='word_1_207' title='bbox 997 4112 1173 4221; x_wconf 83' lang='lat' dir='ltr'>ingentis</span> <span class='ocrx_word' id='word_1_208' title='bbox 1191 4115 1337 4222; x_wconf 90' lang='lat' dir='ltr'>populi</span> <span class='ocrx_word' id='word_1_209' title='bbox 1356 4166 1368 4205; x_wconf 85' lang='lat'>‚</span> <span class='ocrx_word' id='word_1_210' title='bbox 1402 4126 1443 4202; x_wconf 75' lang='grc' dir='ltr'>δι</span> 
     </span>
     <span class='ocr_line' id='line_1_30' title="bbox 200 4222 1442 4336; baseline -0.006 -27"><span class='ocrx_word' id='word_1_211' title='bbox 200 4232 342 4333; x_wconf 83' lang='lat' dir='ltr'>pauori</span> <span class='ocrx_word' id='word_1_212' title='bbox 358 4223 714 4336; x_wconf 72' lang='lat' dir='ltr'>gaudioqtmedius</span> <span class='ocrx_word' id='word_1_213' title='bbox 732 4225 865 4334; x_wconf 90' lang='lat' dir='ltr'>palam</span> <span class='ocrx_word' id='word_1_214' title='bbox 878 4222 1046 4309; x_wconf 89' lang='lat' dir='ltr'>soluitur</span> <span class='ocrx_word' id='word_1_215' title='bbox 1062 4234 1071 4306; x_wconf 92' lang='lat' dir='ltr'>i</span> <span class='ocrx_word' id='word_1_216' title='bbox 1078 4253 1099 4306; x_wconf 94' lang='lat' dir='ltr'>n</span> <span class='ocrx_word' id='word_1_217' title='bbox 1114 4224 1357 4335; x_wconf 74' lang='lat' dir='ltr'>lachrymam</span> <span class='ocrx_word' id='word_1_218' title='bbox 1379 4233 1442 4313; x_wconf 87' lang='lat' dir='ltr'>in.</span> 
     </span>
     <span class='ocr_line' id='line_1_31' title="bbox 201 4334 1442 4452; baseline 0.002 -30"><span class='ocrx_word' id='word_1_219' title='bbox 201 4338 366 4425; x_wconf 83' lang='lat' dir='ltr'>ualcl&#39;cit</span> <span class='ocrx_word' id='word_1_220' title='bbox 377 4339 600 4451; x_wconf 88' lang='lat' dir='ltr'>supplicum</span> <span class='ocrx_word' id='word_1_221' title='bbox 613 4337 799 4431; x_wconf 83' lang='lat' dir='ltr'>elamor,</span> <span class='ocrx_word' id='word_1_222' title='bbox 826 4364 975 4424; x_wconf 79' lang='lat' dir='ltr'>utnon</span> <span class='ocrx_word' id='word_1_223' title='bbox 1005 4334 1211 4425; x_wconf 77' lang='lat' dir='ltr'>defuerint</span> <span class='ocrx_word' id='word_1_224' title='bbox 1231 4345 1304 4450; x_wconf 92' lang='lat' dir='ltr'>qui</span> <span class='ocrx_word' id='word_1_225' title='bbox 1317 4341 1442 4452; x_wconf 76' lang='lat' dir='ltr'>suspi-</span> 
     </span>
     <span class='ocr_line' id='line_1_32' title="bbox 200 4448 1442 4568; baseline 0.003 -33"><span class='ocrx_word' id='word_1_226' title='bbox 200 4457 618 4565; x_wconf 83' lang='lat' dir='ltr'>carentutlmaginem</span> <span class='ocrx_word' id='word_1_227' title='bbox 632 4449 867 4560; x_wconf 87' lang='lat' dir='ltr'>portentoso</span> <span class='ocrx_word' id='word_1_228' title='bbox 897 4448 1059 4568; x_wconf 86' lang='lat' dir='ltr'>insuper</span> <span class='ocrx_word' id='word_1_229' title='bbox 1089 4452 1233 4536; x_wconf 92' lang='lat' dir='ltr'>sudore</span> <span class='ocrx_word' id='word_1_230' title='bbox 1257 4484 1442 4561; x_wconf 54' lang='lat' dir='ltr'>commo,</span> 
     </span>
     <span class='ocr_line' id='line_1_33' title="bbox 199 4565 1443 4679; baseline 0.001 -31"><span class='ocrx_word' id='word_1_231' title='bbox 199 4565 336 4655; x_wconf 77' lang='lat' dir='ltr'>duissea</span> <span class='ocrx_word' id='word_1_232' title='bbox 353 4568 719 4676; x_wconf 79' lang='lat' dir='ltr'>ledtediltgentiits</span> <span class='ocrx_word' id='word_1_233' title='bbox 732 4570 942 4679; x_wconf 85' lang='lat' dir='ltr'>explorata</span> <span class='ocrx_word' id='word_1_234' title='bbox 960 4592 1218 4678; x_wconf 88' lang='lat' dir='ltr'>compertum</span> <span class='ocrx_word' id='word_1_235' title='bbox 1243 4566 1320 4653; x_wconf 89' lang='lat' dir='ltr'>suit</span> <span class='ocrx_word' id='word_1_236' title='bbox 1336 4599 1443 4655; x_wconf 61' lang='lat' dir='ltr'>non-</span> 
     </span>
     <span class='ocr_line' id='line_1_34' title="bbox 200 4673 1442 4796; baseline -0.004 -33"><span class='ocrx_word' id='word_1_237' title='bbox 200 4684 271 4767; x_wconf 81' lang='lat' dir='ltr'>nis</span> <span class='ocrx_word' id='word_1_238' title='bbox 293 4710 425 4767; x_wconf 83' lang='lat' dir='ltr'>meros</span> <span class='ocrx_word' id='word_1_239' title='bbox 438 4681 676 4796; x_wconf 85' lang='lat' dir='ltr'>splendores</span> <span class='ocrx_word' id='word_1_240' title='bbox 689 4680 768 4763; x_wconf 91' lang='lat' dir='ltr'>else</span> <span class='ocrx_word' id='word_1_241' title='bbox 786 4708 852 4772; x_wconf 81' lang='lat' dir='ltr'>,at</span> <span class='ocrx_word' id='word_1_242' title='bbox 865 4679 1076 4774; x_wconf 87' lang='lat' dir='ltr'>insolitos,</span> <span class='ocrx_word' id='word_1_243' title='bbox 1094 4673 1289 4773; x_wconf 62' lang='lat' dir='ltr'>festinos,</span> <span class='ocrx_word' id='word_1_244' title='bbox 1319 4684 1442 4764; x_wconf 82' lang='lat' dir='ltr'>beni.</span> 
     </span>
    </p>
   </div>
   <div class='ocr_carea' id='block_1_2' title="bbox 201 4795 1439 5021">
    <p class='ocr_par' dir='ltr' id='par_1_3' title="bbox 201 4795 1439 5021">
     <span class='ocr_line' id='line_1_35' title="bbox 201 4795 1439 4989; baseline -0.007 -102"><span class='ocrx_word' id='word_1_245' title='bbox 201 4827 307 4913; x_wconf 78' lang='lat' dir='ltr'>gnos</span> <span class='ocrx_word' id='word_1_246' title='bbox 323 4848 336 4889; x_wconf 63' lang='lat'>2</span> <span class='ocrx_word' id='word_1_247' title='bbox 353 4800 503 4912; x_wconf 81' lang='lat' dir='ltr'>quibus</span> <span class='ocrx_word' id='word_1_248' title='bbox 519 4803 674 4913; x_wconf 80' lang='lat' dir='ltr'>Virgini</span> <span class='ocrx_word' id='word_1_249' title='bbox 689 4822 738 4883; x_wconf 88' lang='lat' dir='ltr'>ea</span> <span class='ocrx_word' id='word_1_250' title='bbox 751 4795 1009 4911; x_wconf 84' lang='lat' dir='ltr'>ipsa.liegina</span> <span class='ocrx_word' id='word_1_251' title='bbox 1024 4800 1239 4905; x_wconf 82' lang='lat' dir='ltr'>Virginem</span> <span class='ocrx_word' id='word_1_252' title='bbox 1264 4795 1439 4989; x_wconf 58' lang='lat' dir='ltr'>plublice</span> 
     </span>
     <span class='ocr_line' id='line_1_36' title="bbox 270 4934 1382 5021; baseline -0.018 -9"><span class='ocrx_word' id='word_1_253' title='bbox 270 4960 334 5011; x_wconf 91' lang='lat'><strong>··..</strong></span> <span class='ocrx_word' id='word_1_254' title='bbox 388 4950 400 4991; x_wconf 71' lang='lat' dir='ltr'>t</span> <span class='ocrx_word' id='word_1_255' title='bbox 1208 4934 1287 5021; x_wconf 86' lang='lat' dir='ltr'>app</span> <span class='ocrx_word' id='word_1_256' title='bbox 1310 4936 1382 4993; x_wconf 88' lang='lat' dir='ltr'>au-</span> 
     </span>
    </p>
   </div>
   <div class='ocr_carea' id='block_1_3' title="bbox 0 0 1668 6500">
    <p class='ocr_par' dir='ltr' id='par_1_4' title="bbox 0 0 1668 6500">
     <span class='ocr_line' id='line_1_37' title="bbox 0 0 1668 6500; baseline 0 0"><span class='ocrx_word' id='word_1_257' title='bbox 0 0 1668 6500; x_wconf 95' lang='lat' dir='ltr'> </span> 
     </span>
    </p>
   </div>
  </div>
 </body>
</html>
