3325 6509
1324 938 1399 1051 65

220 1078 385 1167 scebant
410 1131 421 1158 .
451 1075 513 1159 iri
539 1066 1006 1156 breuiffimumsomnum
1025 1063 1130 1155 Rosa
1158 1066 1319 1156 libabat
1347 1077 1479 1187 magis

221 1198 346 1335 quim
362 1191 588 1301 capiebat,
615 1183 827 1295 prasertim
838 1185 1023 1297 hyberno
1039 1205 1226 1297 tempore
1250 1232 1264 1275 2
1289 1191 1478 1300 quople.

217 1334 351 1419 rumqr
373 1328 424 1387 ex
438 1300 645 1389 nodumis
658 1297 881 1411 frigoribus
896 1298 947 1385 sc
961 1298 1185 1391 tremebat,
1200 1298 1382 1409 rigebat,
1398 1302 1478 1391 stu.

221 1422 361 1538 prebat,
372 1438 416 1503 vt
428 1413 592 1527 surgens
605 1412 782 1525 pedibus
794 1411 1001 1498 consistere
1013 1417 1078 1498 vix
1094 1406 1400 1525 poll'enlnterdt'r
1411 1418 1478 1501 ni·

218 1538 306 1621 mio
320 1536 358 1619 al
392 1557 461 1615 ore
474 1532 650 1613 excitata
663 1529 766 1614 roris
777 1530 919 1615 marini
932 1523 1164 1613 ramusculis
1189 1525 1242 1611 ad
1261 1528 1471 1642 ellychnit'r

219 1558 397 1737 accenss
408 1647 543 1732 obiter
555 1644 635 1728 boe
648 1636 766 1727 sumo
779 1642 983 1729 tantillum
993 1638 1160 1756 sugitiui
1171 1639 1319 1727 caloris
1332 1668 1419 1757 quo
1432 1641 1475 1733 se

218 1760 404 1854 fourrer,
430 1754 637 1845 nitebatur
657 1762 875 1871 concipere
895 1811 908 1840 .
937 1754 1166 1845 Nouercali
1177 1760 1359 1869 eorporis
1371 1758 1475 1847 odio

219 1902 296 1964 nec
310 1878 413 1987 vigil
428 1874 598 1959 insidere
608 1866 773 1987 vsquaim
784 1872 956 1985 puluino
969 1867 1177 1966 voluitsed
1188 1870 1253 1955 vel
1265 1870 1371 1957 ilaus
1410 1897 1475 1958 er-

217 1992 373 2105 egebat
387 1988 551 2074 labores
565 1980 658 2072 suos
674 1990 851 2101 quoulq;
861 2008 1043 2099 poterat,
1065 1984 1131 2071 vel
1148 2010 1241 2071 cum
1254 2008 1353 2073 nece
1386 1989 1474 2081 arib

220 2100 443 2194 sedendum
461 2099 667 2195 eratsduro
678 2101 773 2213 palo
786 2100 971 2187 utebatur·
985 2128 1058 2214 pro
1073 2098 1243 2185 sellula.

277 2220 442 2303 Interim
492 2210 832 2303 riorissuileduli
845 2212 1471 2331 momordeeupidmasstdueu't-

219 2328 348 2417 debat
358 2244 706 2419 consiliariorum
716 2358 860 2425 aures,
889 2331 1133 2445 querebatur·
1145 2326 1184 2414 se
1195 2334 1317 2415 vitam
1330 2324 1472 2417 suaet..

218 2446 359 2533 otiose
374 2446 543 2557 perdere
555 2447 690 2529 dumi
711 2448 881 2559 pristinis
895 2442 1471 2557 poenitentiaexercitijsinui-

215 2582 258 2645 ta
275 2560 503 2673 cogebatur
513 2556 671 2653 feriari,
695 2562 811 2644 omni
825 2557 862 2642 se
877 2560 1073 2671 patientia
1084 2556 1226 2642 merito
1237 2584 1407 2642 vacuam
1419 2582 1468 2641 ex

217 2694 328 2761 tauta
343 2678 503 2759 Parrum
518 2668 776 2785 indulgentia
788 2697 1006 2765 remanere,
1019 2674 1057 2755 S.
1073 2673 1178 2759 Patri
1191 2668 1261 2755 suo
1275 2671 1471 2757 Domini·

218 2814 273 2873 eo
290 2786 422 2873 indies
435 2790 641 2872 occantari
653 2788 813 2873 titulum
836 2788 926 2901 Rosa
935 2780 1201 2902 perimendo
1214 2785 1312 2869 verb
1324 2782 1466 2869 adem·

215 2922 289 3013 pta
311 2900 385 2985 stbi
397 2903 590 3011 patientia
610 2924 685 2986 nee
700 2899 845 2985 Rosam
862 2897 940 2985 elle
955 2926 1029 2983 nec
1041 2901 1141 2983 tanti
1159 2898 1464 2991 PatrisFiliam,

211 3014 354 3127 deniq,
372 3012 642 3101 finerenteam
655 3040 745 3127 quae
763 3016 935 3099 nilboni
948 3010 1221 3127 ageretsaltim
1235 3012 1341 3097 mala
1354 3014 1465 3124 pari,

209 3122 400 3242 eorpusqr
414 3122 596 3239 affligere
622 3179 636 3209 .
666 3132 842 3214 Tantum
856 3122 1019 3222 effecit,
1043 3124 1465 3239 qubdvnusexCon-

208 3234 379 3345 sellariis
410 3240 579 3327 indulsit
597 3242 757 3353 Virgini
781 3294 797 3337 ‚
819 3268 863 3329 vt
886 3270 959 3356 per
972 3261 1097 3326 totam
1110 3240 1220 3323 illius
1234 3247 1274 3327 it
1287 3238 1463 3353 proximi

210 3358 309 3441 anni
336 3362 366 3455 (a
378 3355 452 3465 qui
464 3350 575 3439 Rosa
591 3355 810 3461 postremus
824 3354 931 3458 fuit)
960 3353 1303 3466 quadragestmam
1317 3382 1366 3437 ex
1380 3353 1464 3462 pri·

210 3466 303 3553 slini
318 3466 464 3575 rigoris
480 3460 761 3548 sormadenuo
772 3466 844 3549 srbi
856 3468 1048 3549 lectulum
1062 3468 1301 3551 instrueret&
1322 3466 1466 3575 lignis,-

210 3578 354 3668 πῶς,
376 3576 530 3689 tegulis
544 3576 834 3688 constipatum.
864 3580 975 3665 Fecit
985 3572 1194 3663 confestim
1217 3573 1320 3664 Rosa
1335 3578 1463 3664 vtsrbi

208 3684 439 3805 permissum
451 3713 538 3776 erat
558 3740 574 3785 ‚
598 3688 798 3807 summaeqr
810 3720 911 3779 curae
924 3692 1123 3779 summum
1136 3690 1320 3780 adiunxit
1330 3689 1460 3778 secte-

204 3802 415 3899 tum‚adeo
425 3827 612 4001 vtnetpue
626 3803 837 3916 postsuum
851 3806 1010 3894 obitum
1023 3814 1052 3911 (r
1064 3832 1157 3892 nam
1169 3830 1268 3893 tunc
1283 3806 1457 3918 primirm

204 3944 272 4006 res
298 3920 508 4027 innotuit)
557 3920 744 4006 ecundus
770 3922 841 4007 ine
865 3946 1078 4035 poenarum
1106 3918 1457 4034 lectulusvsquam

204 4031 387 4145 potuerit
411 4032 586 4117 inueniri
614 4088 626 4111 .
654 4033 868 4120 Credibile
898 4037 993 4127 est,
1030 4032 1243 4147 ipsammet
1261 4034 1389 4121 statim
1412 4060 1458 4125 vt

199 4172 296 4233 eunt
327 4144 640 4257 Quadragefima
662 4152 864 4261 expiratur
887 4151 1027 4235 vtendi
1041 4150 1244 4243 facultas,
1272 4150 1377 4235 vitro
1392 4148 1457 4236 so-

202 4256 316 4346 luise
330 4260 775 4373 catastam,dilpersrsse
787 4266 972 4349 testarum
984 4258 1453 4377 fragmina‚proiecisses

203 4376 433 4487 paxillos&
447 4377 646 4487 ligna‚ne
663 4378 764 4492 quid
779 4376 1076 4474 innotesceret,
1095 4404 1345 4493 quamquam
1358 4380 1456 4464 dili·

202 4514 304 4599 gens
319 4491 558 4606 perquifitio
571 4492 749 4609 utrobiqr
761 4514 850 4582 tum
864 4515 1142 4581 maternarum
1157 4494 1454 4599 Quaestorisim

202 4602 429 4691 domonon
442 4600 647 4691 desuerit.

262 4716 347 4803 Sed
358 4745 435 4806 nec
450 4715 596 4807 Rosam
609 4722 734 4809 morti
745 4722 826 4811 iam
840 4722 1014 4812 vicinam
1030 4720 1256 4811 deseruerat
1279 4726 1360 4811 boc
1382 4748 1460 4834 pe·.

204 4826 257 4919 ne
270 4854 456 4929 coruum
467 4834 669 4925 duriffirne
681 4836 860 4929 cubandi
877 4840 1457 5037 defidelnumsemiannptsm

1346 4976 1401 5033 llo
